@String {rcs = "$Id: mc.bib,v 1.9 2004/07/21 22:08:30 clyde Exp $"}

@Article{Abra:Bail:Sapa:2000,
      Author = "Felix Abramovich and Trevor C. Bailey and Theofanis Sapatinas",
       Title = "Wavelet analysis and its statistical applications",
        Year = 2000,
     Journal = jrssd,
      Volume = 49,
      Number = 1,
       Pages = "1--29",
    Keywords = "changepoint analysis; Density estimation; Fourier analysis;
                  Inverse problems; Nonparametric regression; Signal
                  processing; Spectral density estimation; Time series
                  analysis; Bibliography"
}
@Article{Abra:Besb:Sapa:2002,
      Author = "Felix Abramovich and Panagiotis Besbeas and Theofanis Sapatinas",
       Title = "Empirical {B}ayes approach to block wavelet function estimation",
        Year = 2002,
     Journal = csda,
      Volume = 39,
      Number = 4,
       Pages = "435--451"
}
@Article{Abra:Sapa:Silv:1998,
      Author = "Felix Abramovich and Theofanis Sapatinas and Bernard W. Silverman",
       Title = "Wavelet thresholding via a {B}ayesian approach",
        Year = 1998,
     Journal = jrssb,
      Volume = 60,
       Pages = "725--749",
    Keywords = "Adaptive estimation; Nonparametric regression"
}
@Article{Aitc:1975,
      Author = "John Aitchison",
       Title = "Goodness of predictive fit",
     Journal = bka,
      Volume = 62,
        Year = 1975,
       Pages = "547--554",
}
@InProceedings{Akai:1973,
      Author = "Hirotugo Akaike",
        Year = 1973,
       Title = "Information theory and an extension of the maximum likelihood
                principle",
   BookTitle = "Second International Symposium on Information Theory",
      Editor = "B. N. Petrox and F. Caski",
       Pages = "267--281",
   Publisher = "Akademia Kiado",
     Address = "Budapest, HU",
}
@Article{Akai:1983a,
      Author = "Hirotugo Akaike",
       Title = "Information measures and model selection ({STMA} {V}25 937)",
        Year = 1983,
     Journal = bisi,
      Volume = 50,
       Pages = "277--290"
}
@Article{Akai:1983b,
      Author = "Hirotugu Akaike",
       Title = "On minimum information prior distributions",
        Year = 1983,
     Journal = aoism,
      Volume = 35,
       Pages = "139--149",
    Keywords = "{B}ayes procedure"
}
@Article{Akma:Raft:1986,
      Author = "Vaughn E. Akman and Adrian E. Raftery",
       Title = "{B}ayes factors for non-homogeneous {P}oisson processes
                  with vague prior information",
        Year = 1986,
     Journal = jrssb,
      Volume = 48,
       Pages = "322--329",
}
@Article{Albe:1996,
      Author = "James H. Albert",
       Title = "{B}ayesian selection of log-linear models",
        Year = 1996,
     Journal = cjs,
      Volume = 24,
       Pages = "327--347",
    Keywords = "Gibbs sampler; Model selection; Odds ratio; Contingency table"
}
@Article{Albe:Chib:1993,
      Author = "James H. Albert and Siddhartha Chib",
       Title = "{B}ayesian analysis of binary and polychotomous response data",
        Year = 1993,
     Journal = jasa,
      Volume = 88,
       Pages = "669--679",
    Keywords = "Probit model; Gibbs sampler; Data augmentation"
}
@Article{Andr:Douc:Robe:2004,
      Author = "Christophe Andrieu and Arnaud Doucet and Christian P. Robert",
       Title = "Computational Advances for and from Bayesian Analysis",
        Year = 2004,
     Journal = statsci,
      Volume = 0,
       Pages = "in press",
}
@TechReport{Atay:Mass:2002,
      Author = "Aliye Atay-Kayis and H\`el\`ene Massam",
        Year = 2002,
       Title = "The marginal likelihood for decomposable and non-decomposable
                graphical {G}aussian models",
 Institution = "New York University Department of Mathematics",
}
@Article{Bai:Rao:Wu:1999,
      Author = "Zhidong D. Bai and C. Radhakrishna Rao and Yuehua Wu",
       Title = "Model selection with data-oriented penalty",
        Year = 1999,
     Journal = jspi,
      Volume = 77,
       Pages = "103--117",
    Keywords = "Regression; Akaike information criterion",
}
@Article{Barb:Berg:2004,
      Author = "Maria Maddalena Barbieri and James O. Berger",
        Year = 2004,
       Title = "Optimal predictive model selection",
     Journal = aos,
      Volume = 32,
      Number = 3,
       Month = jun,
       Pages = "in press",
}
@Article{Barr:Clar:1990,
      Author = "Andrew R. Barron and Bertrand S. Clarke",
       Title = "Information-theoretic Asymptotics of Bayes methods",
     Journal = ieeeit,
      Volume = 36,
       Month = May,
        Year = 1990,
       Pages = "453--471",
}
@Article{Barr:Riss:Yu:1998,
      Author = "Andrew R. Barron and Jorma Rissanen and Bin Yu",
       Title = "The Minimum Description Length Principle in coding and modeling",
     Journal = ieeeit,
      Volume = 44,
       MONTh = Oct,
        Year = 1998,
       Pages = "2743--2760",
}
@article{Bart:Scac:Mira:2006,
author = {Bartolucci, Francesco and Scaccia, Luisa and Mira, Antonietta},
title = {{Efficient Bayes factor estimation from the reversible jump output}},
journal = bka,
volume = 93,
number = 1,
pages = {41-52},
doi = {10.1093/biomet/93.1.41},
year = 2006,
URL = {http://biomet.oxfordjournals.org/cgi/content/abstract/93/1/41},
eprint = {http://biomet.oxfordjournals.org/cgi/reprint/93/1/41.pdf}
}


@Article{Barr:Clar:1994,
      Author = "Andrew R. Barron and Bertrand S. Clarke",
       Title = "Jeffrey's prior is asymptotically least favorable under
                entropy risk",
     Journal = jspi,
      Number = 41,
        Year = 1994,
       Pages = "37--60",
}
@Article{Bart:1957,
      Author = "Maurice Stevenson Bartlett",
        Year = 1957,
       Title = "A comment on {D.\ V.\ L}indley's statistical paradox",
     Journal = bka,
      Volume = 44,
       Pages = "533--534"
}
@Article{Bedr:Chri:John:1996,
      Author = "Edward J. Bedrick and Ronald Christensen and Wesley Johnson",
       Title = "A new perspective on priors for generalized linear models",
        Year = 1996,
     Journal = jasa,
      Volume = 91,
       Pages = "1450--1460",
    Keywords = "Theory and Methods; Exponential regression; Gamma
                  regression; Log-linear model; Logistic regression;
                  Poisson regression; Conditional means priors; Data
                  augmentation priors; Linear models",
}
@Article{Benj:Hoch:1995,
      Author = "Yoav Benjamini and Yosef Hochberg",
       Title = "Controlling the false discovery rate: {A} practical and
                  powerful approach to multiple testing",
        Year = 1995,
     Journal = jrssb,
      Volume = 57,
       Pages = "289--300",
    Keywords = "Bonferroni procedure; Error rate"
}



@InProceedings{Berg:1997,
  author = 	 {Jim O. Berger},
  title = 	 {Some recent developments in Bayesian analysis, with astronomical illustrations (with discussion)},
  OPTcrossref =  {},
  OPTkey = 	 {},
  booktitle = {Statistical Challenges in Modern Astronomy II},
  pages = 	{15--39},
  year = 	 {1997},
  editor = 	 {G. H. Babu and E. D. Feigelson },
  OPTvolume = 	 {},
  OPTnumber = 	 {},
  OPTseries = 	 {},
  OPTaddress = 	 {},
  OPTmonth = 	 {},
  OPTorganization = {},
  publisher = {Springer},
  OPTnote = 	 {},
  OPTannote = 	 {}
}

@Article{Berg:2003,
      Author = "James O. Berger",
       Title = "Could {F}isher, {J}effreys and {N}eyman have agreed on testing?",
        Year = 2003,
     Journal = statsci,
      Volume = 18,
      Number = 1,
       Pages = "1--32",
}
@InProceedings{Berg:Bern:1992,
      Author = "James O. Berger and Jos\'{e} M. Bernardo",
       Title = "On the development of reference priors (with discussion)",
        Year = 1992,
    CrossRef = {bayes4:1992},
       Pages = "35--49",
    Keywords = "{B}ayesian approach"
}
@Article{Berg:Bouk:Wang:1997,
      Author = "James O. Berger and Benzion Boukai and Yinping Wang",
       Title = "Unified frequentist and {B}ayesian testing of a
                precise hypothesis (with discussion)",
        Year = 1997,
     Journal = statsci,
      Volume = 12,
       Pages = "133--148",
    Keywords = "{B}ayes factor; Likelihood ratio"
}
@Article{Berg:Bouk:Wang:1999,
      Author = "James O. Berger and Benzion Boukai and Yinping Wang",
       Title = "Simultaneous {B}ayesian-frequentist sequential
                testing of  nested hypotheses",
        Year = 1999,
     Journal = bka,
      Volume = 86,
       Pages = "79--92",
    Keywords = "{B}ayes factor; Likelihood ratio; Sequential
                probability ratio test",
}
@Article{Berg:Brow:Wolp:1994,
      Author = "James O. Berger and Lawrence D. Brown and Robert L. Wolpert",
       Title = "A unified conditional frequentist and {B}ayesian test
                for fixed and sequential simple hypothesis testing",
        Year = 1994,
     Journal = aos,
      Volume = 22,
       Pages = "1787--1807",
    Keywords = "Likelihood principle; Stopping rule"
}
@Article{Berg:Deol:Sans:2001,
      Author = "James O. Berger and {De\ O}liveira and and Bruno Sans\'o",
       Title = "Objective {B}ayesian analysis of spatially correlated data",
        Year = 2001,
     Journal = jasa,
      Volume = 396,
       Pages = "1361--1374"
}
@Article{Berg:Ghos:Mukh:2000,
      Author = "James O. Berger and Jayanta K. Ghosh and Nitai Mukhopadhyay",
       Title = "Approximations and consistency of {B}ayes factors as model
                dimension grows",
        Year = 2003,
     Journal = jspi,
      Volume = 112,
      Number = "1-2",
       Pages = "241--258",
}
@Article{Berg:Peri:1996a,
      Author = "James O. Berger and Luis R. Pericchi",
       Title = "The intrinsic {B}ayes factor for model selection and prediction",
        Year = 1996,
     Journal = jasa,
      Volume = 91,
       Pages = "109--122",
    Keywords = "Theory and Methods; Hypothesis testing; Noninformative
                  prior; Asymptotic {B}ayes factors; Posterior probability;
                  Training sample",
}
@InProceedings{Berg:Peri:1996b,
      Author = "James O. Berger and Luis R. Pericchi",
       Title = "The intrinsic {B}ayes factor for linear models",
        Year = 1996,
    CrossRef = {bayes5:1996},
       Pages = "25--44",
    Keywords = "Model robustness; Hypothesis testing; Model selection",
}
@Article{Berg:Peri:1998,
      Author = "James O. Berger and Luis R. Pericchi",
       Title = "Accurate and stable {B}ayesian model selection: {T}he
                  median intrinsic {B}ayes factor", 
        Year = 1998,
     Journal = sankB,
      Volume = 60,
       Pages = "1--18"
}
@InCollection{Berg:Peri:2001,
      Author = "James O. Berger and Luis R. Pericchi",
       Title = "Objective {B}ayesian Methods for Model Selection:
                Introduction and Comparison",
        Year = 2001,
   Booktitle = "Model Selection",
   Publisher = ims,
     Address = "Hayward, CA",
      Editor = "Partha Lahiri",
      Series = lns,
      Volume = 38,
       Pages = {135--193}
}
@Article{Berg:Peri:Vars:1998,
      Author = "James O. Berger and Luis R. Pericchi and Julia A. Varshavsky",
       Title = "{B}ayes factors and marginal distributions in invariant situations",
        Year = 1998,
     Journal = sankA,
      Volume = 60,
       Pages = "307--321",
    Keywords = "Reference prior"
}
@Article{Bern:1979,
      Author = "Jos\'{e} M. Bernardo",
       Title = "Reference posterior distributions for {B}ayesian
                inference ({C}/{R} p.\thinspace128--147)",
        Year = 1979,
     Journal = jrssb,
      Volume = 41,
       Pages = "113--128",
    Keywords = "Noninformative priors; Vague initial knowledge;
                Operational priors; Information; Marginalization paradox;
                Stein paradox; Fieller-creasy problem",
}
@InProceedings{Bern:1999,
      Author = "Jos\'{e} M. Bernardo",
       Title = "Nested hypothesis testing: {T}he {B}ayesian reference criterion",
        Year = 1999,
    CrossRef = {bayes6:1999},
       Pages = "101--130",
    Keywords = "Decision theory; {B}ayesian approach"
}
@Article{Besa:Gree:1993,
      Author = "Julian Besag and Peter J. Green",
       Title = "Spatial statistics and {B}ayesian computation (with discussion)",
        Year = 1993,
     Journal = jrssb,
      Volume = 55,
       Pages = "25--37",
    Keywords = "Markov chain; Monte Carlo"
}
@Article{Besa:Gree:Higd:Meng:1995,
      Author = "Julian Besag and Peter J. Green and David Higdon and Kerrie
                  L. Mengersen",
       Title = "{B}ayesian computation and stochastic systems (with discussion)",
        Year = 1995,
     Journal = statsci,
      Volume = 10,
       Pages = "3--41",
    Keywords = "Gibbs sampler; Hastings algorithm; Image analysis; Logistic
                  regression; Markov chain Monte Carlo; Markov random
                  field; Metropolis algorithm; Spatial statistics; Variety
                  trial",
}
@Article{Brei:1992,
      Author = "Leo Breiman",
       Title = "The little bootstrap and other methods for dimensionality
                  selection in regression: ${X}$-fixed prediction error",
        Year = 1992,
     Journal = jasa,
      Volume = 87,
       Pages = "738--754",
    Keywords = "Variable selection"
}
@Article{Brei:1995,
      Author = "Leo Breiman",
       Title = "Better subset regression using the nonnegative garrote",
        Year = 1995,
     Journal = tech,
      Volume = 37,
       Pages = "373--384",
    Keywords = "prediction; Subset selection"
}
@Article{Brei:1996a,
      Author = "Leo Breiman",
       Title = "Bagging predictors",
        Year = 1996,
     Journal = macl,
      Volume = 24,
        Page = "123--140"
}
@Article{Brei:1996b,
      Author = "Leo Breiman",
       Title = "Heuristics of instability and stabilization in model selection",
        Year = 1996,
     Journal = aos,
      Volume = 24,
       Pages = "2350--2383",
    Keywords = "Regression; Subset selection; Cross-validation; prediction"
}
@Article{Brei:1998,
      Author = "Leo Breiman",
       Title = "Arcing classifier ({P}kg: p.\thinspace801--849)",
        Year = 1998,
     Journal = aos,
      Volume = 26,
      Number = 3,
       Pages = "801--824",
    Keywords = "Ensemble methods; bagging; boosting; error-correcting;
                  output coding; Markov chain; Monte Carlo; Decision tree;
                  Neural network; Error correction",
}
@Article{Brei:2001a,
      Author = "Leo Breiman",
       Title = "Statistical modeling: {T}he two cultures ({P}kg: p.\thinspace199--231)",
        Year = 2001,
     Journal = statsci,
      Volume = 16,
      Number = 3,
       Pages = "199--215",
}
@Article{Brei:2001b,
      Author = "Leo Breiman",
       Title = "Reply to comment on ``{S}tatistical modeling: {T}he two
                  cultures'' ({P}kg: p.\thinspace199--231)", 
        Year = 2001,
     Journal = statsci,
      Volume = 16,
      Number = 3,
       Pages = "226--231"
}
@Article{Brei:Spec:1992,
      Author = "Leo Breiman and Philip Spector",
       Title = "Submodel selection and evaluation in regression. {T}he
                  ${X}$-random case",
        Year = 1992,
     Journal = isr,
      Volume = 60,
       Pages = "291--319",
    Keywords = "Variable selection; Cross-validation; Bootstrap; Prediction error"
}
@Article{Broo:Giud:Robe:2003,
       Title = "Efficient construction of reversible jump Markov chain Monte
                Carlo proposal distributions (with discussion)",
      Author = "Stephen P. Brooks and Paolo Giudici and Gareth O. Roberts",
     Journal = jrssb,
        Year = 2003,
      Volume = 65,
       Pages = "3--55"
}
@Article{Brow:Fear:Vann:1999,
      Author = "Philip J. Brown and Tom Fearn and Marina Vannucci",
       Title = "The choice of variables in multivariate regression: {A}
                  non-conjugate {B}ayesian decision theory approach",
        Year = 1999,
     Journal = bka,
      Volume = 86,
       Pages = "635--648",
    Keywords = "prediction; Simulated annealing; Utility"
}
@Article{Brow:Fear:Vann:2001,
      Author = "Philip J. Brown and Tom Fearn and Marina Vannucci",
       Title = "{B}ayesian wavelet regression on curves with application to
                  a spectroscopic calibration problem",
        Year = 2001,
     Journal = jasa,
      Volume = 96,
      Number = 454,
       Pages = "398--408",
    Keywords = "Markov chain Monte Carlo; MIXTURE PRIOR; Model averaging;
                  Multivariate regression; NEAR-INFRARED SPECTROSCOPY;
                  Variable selection; MCMC",
}
@Article{Brow:Vann:Fear:1998,
      Author = "Philip J. Brown and Marina Vannucci and Tom Fearn",
       Title = "Multivariate {B}ayesian variable selection and prediction",
        Year = 1998,
     Journal = jrssb,
      Volume = 60,
       Pages = "627--641",
    Keywords = "Markov chain Monte Carlo",
}
@Article{Brow:Vann:Fear:2002,
      Author = "Philip J. Brown and Marina Vannucci and Tom Fearn",
       Title = "{B}ayes model averaging with selection of regressors",
        Year = 2002,
     Journal = jrssb,
      Volume = 64,
      Number = 3,
       Pages = "519--536",
    Keywords = "{B}ayesian model averaging; Decision theory; multivariate
                  general linear model; QR-updating; Ridge regression;
                  Variable selection",
}
@Article{Bunt:1992,
      Author = "Wray L. Buntine",
        Year = 1992,
       Title = "Learning Classification Trees",
     Journal = statcomp,
      Volume = 2,
       Pages = "63--73",
}
@Article{Carl:Chib:1995,
      Author = "Bradley P. Carlin and Siddhartha Chib",
       Title = "{B}ayesian model choice via {M}arkov chain {M}onte {C}arlo methods",
        Year = 1995,
     Journal = jrssb,
      Volume = 57,
       Pages = "473--484",
    Keywords = "Mixture model"
}
@Article{Case:Geor:1992,
      Author = "George Casella and Edward I. George",
       Title = "Explaining the {G}ibbs sampler",
        Year = 1992,
     Journal = amstat,
      Volume = 46,
       Pages = "167--174",
    Keywords = "Markov chain; Resampling"
}
@Article{Cham:1971,
      Author = "John M. Chambers",
       Title = "Regression updating",
        Year = 1971,
     Journal = jasa,
      Volume = 66,
       Pages = "744--748",
    Keywords = "Numerical analysis; Computation; Cholesky decomposition"
}
@TechReport{Case:More:2002,
      Author = "George Casella and Elias Moreno",
        Year = 2002,
       Title = "Objective {B}ayes Variable Selection",
 Institution = "Department of Statistics, University of Florida",
      Number = "2002-023",
}
@Article{Chen:1994,
      Author = "Ming-Hui Chen",
       Title = "Importance-weighted marginal {B}ayesian posterior density
                estimation",
        Year = 1994,
     Journal = jasa,
      Volume = 89,
       Pages = "818--824"
}
@Article{Chen:Shao:1997a,
      Author = "Ming-Hui Chen and Qi-Man Shao",
       Title = "On {M}onte {C}arlo methods for estimating ratios of normalizing
                constants",
        Year = 1997,
     Journal = aos,
      Volume = 25,
       Pages = "1563--1594",
    Keywords = "Gibbs sampler; Importance sampling; Markov chain Monte Carlo"
}
@Article{Chen:Shao:1997b,
      Author = "Ming-Hui Chen and Qi-Man Shao",
       Title = "Estimating ratios of normalizing constants for densities with
                different dimensions",
        Year = 1997,
     Journal = statsin,
      Volume = 7,
       Pages = "607--630"
}
@Article{Chen:Ibra:Shao:2000,
      Author = "Ming-Hui Chen and Joseph G. Ibrahim and Qi-Man Shao",
       Title = "Power prior distributions for generalized linear models",
        Year = 2000,
     Journal = jspi,
      Volume = 84,
      Number = "1-2",
       Pages = "121--137",
    Keywords = "Prior elicitation; Posterior distribution; propriety;
                  Variable selection",
} 
@Article{Chen:Ibra:Shao:Weis:2003,
      Author = "Ming-Hui Chen and Joseph G. Ibrahim and Qi-Man Shao
                  and Robert E. Weiss",
       Title = "Prior elicitation for model selection and estimation in
                  generalized linear mixed models",
        Year = 2003,
     Journal = jspi,
      Volume = 111,
      Number = "1-2",
       Pages = "57--76"
}
@Article{Chen:Ibra:Yian:1999,
      Author = "Ming-Hui Chen and Joseph G. Ibrahim and Constantin Yiannoutsos",
       Title = "Prior elicitation, variable selection and {B}ayesian computation for
                logistic regression models",
        Year = 1999,
     Journal = jrssb,
      Volume = 61,
       Pages = "223--242",
    Keywords = "Gibbs sampler"
}
@Article{Chen:Dono:Saun:1998,
      Author = "Scott Shaobing Chen and David L. Donoho and Michael A. Saunders",
       Title = "Atomic Decomposition by Basis Pursuit",
     Journal = siamjsc,
      Volume = 20,
      Number = 1,
       Pages = "33--61",
        Year = 1998,
}
@Article{Chib:Jeli:2001,
      Author = "Siddhartha Chib and Ivan Jeliazkov",
       Title = "Marginal likelihood from the {M}etropolis-{H}astings output",
        Year = 2001,
     Journal = jasa,
      Volume = 96,
      Number = 453,
       Pages = "270--281",
    Keywords = "{B}ayes factor; {B}ayesian model comparison; clustered count
                  data; correlated binary data; local invariance; local
                  reversibility; {M}etropolis-{H}astings algorithm;
                  multivariate density estimation; reduced conditional
                  density"},
}
@Article{Chib:1995,
      Author = "Siddhartha Chib",
       Title = "Marginal likelihood from the {G}ibbs output",
        Year = 1995,
     Journal = jasa,
      Volume = 90,
       Pages = "1313--1321",
    Keywords = "{B}ayes factor; Mixture model"
}
@Article{Chip:1996,
      Author = "Hugh Chipman",
       Title = "{B}ayesian Variable Selection With Related Predictors",
        Year = 1996,
     Journal = cjs,
      Volume = 24,
       Pages = "17--36",
    Keywords = "Gibbs sampler"
}
@Article{Chip:Geor:McCu:1998,
      Author = "Hugh A. Chipman and Edward I. George and Robert E. McCulloch",
       Title = "Reply to comments on ``{B}ayesian {CART} model search''",
        Year = 1998,
     Journal = jasa,
      Volume = 93,
       Pages = "957--960",
    Keywords = "Theory and Methods"
}
@Article{Chip:Geor:McCu:1998a,
      Author = "Hugh A. Chipman and Edward I. George and Robert E. McCulloch",
       Title = "{B}ayesian {CART} model search ({C}/{R}: p.\thinspace948--960)",
        Year = 1998,
     Journal = jasa,
      Volume = 93,
       Pages = "935--948",
    Keywords = "Theory and Methods; Markov chain Monte Carlo; Mixture
                  model; Model selection; Model uncertainty; Stochastic
                  search; Binary trees",
}
@InProceedings{Chip:Geor:McCu:1998b,
      Author = "Hugh A. Chipman and Edward I. George and Robert E. McCulloch",
       Title = "Making sense of a forest of trees",
        Year = 1998,
   Booktitle = "Computing Science and Statistics. Dimension Reduction,
                  Computational Complexity and Information. Proceedings of
                  the 30th Symposium on the Interface", 
       Pages = "84--92",
    Keywords = "Clustering"
}
@Article{Chip:Geor:McCu:2000,
      Author = "Hugh A. Chipman and Edward I. George and Robert E. McCulloch",
       Title = "Hierarchical priors for {B}ayesian {CART} shrinkage",
        Year = 2000,
     Journal = statcomp,
      Volume = 10,
       Pages = "17--24",
    Keywords = "Prior distribution; Prior distributions; model building in
                  regression analysis; selection in regression analysis;
                  Simulation; Monte-Carlo methods; computer-intensive
                  methods",
}
@InCollection{Chip:Geor:McCu:2001,
      Author = "Hugh A. Chipman and Edward I. George and Robert E. McCulloch",
        Year = 2001,
       Title = "The Practical Implementation of {B}ayesian Model Selection",
   Booktitle = "Model Selection",
   Publisher = ims,
     Address = "Hayward, CA",
      Editor = "Partha Lahiri",
      Series = lns,
      Volume = 38,
       Pages = "65--134"
}
@InProceedings{Chip:Geor:McCu:2001a,
      Author = "Hugh A. Chipman and Edward I. George and Robert E. McCulloch",
        Year = 2001,
       Title = "Managing multiple models",
   Booktitle = "Artificial Intelligence and Statistics 2001",
      Editor = "Tommi S. Jaakkola and Thomas Richardson",
       Pages = "11--18",
   Publisher = "Morgan Kaufmann",
     Address = "San Francisco, CA",
}
@Article{Chip:Geor:McCu:2002,
      Author = "Hugh A. Chipman and Edward I. George and Robert E. McCulloch",
       Title = "{B}ayesian treed models",
     Journal = macl,
        Year = 2002,
       Month = sep,
      Volume = 48,
      Number = 3,
       Pages = "299--320",
}
@InProceedings{Chip:Geor:McCu:2003,
      Author = "Hugh A. Chipman and Edward I. George and Robert E. McCulloch",
        Year = 2003,
       Title = "{B}ayesian Treed Generalized Linear Models (with discussion)",
    CrossRef = {bayes7:2003},
       Pages = "85--103",
}
@Article{Chib:Gree:1995,
      Author = "Siddhartha Chib and Edward Greenberg",
       Title = "Understanding the {M}etropolis-{H}astings algorithm",
        Year = 1995,
     Journal = amstat,
      Volume = 49,
       Pages = "327--335",
    Keywords = "Gibbs sampler; Markov chain Monte Carlo"
}
@Article{Chip:Hama:Wu:1997,
      Author = "Hugh A. Chipman and Michael S. Hamada and Chien-Fu J. Wu",
       Title = "A {B}ayesian variable-selection approach for
                analyzing designed  experiments with complex aliasing",
        Year = 1997,
     Journal = tech,
      Volume = 39,
       Pages = "372--381",
    Keywords = "Gibbs sampler; Plackett-Burman design;
                Supersaturated design; Hard-to-control factors; Interactions;
                Partial aliasing",
}
@Article{Chip:Kola:McCu:1997,
      Author = "Hugh A. Chipman and Eric D. Kolaczyk and Robert E. McCulloch",
       Title = "Adaptive {B}ayesian wavelet shrinkage",
        Year = 1997,
     Journal = jasa,
      Volume = 92,
       Pages = "1413--1421",
    Keywords = "Theory and Methods; {B}ayesian estimation; Mixture model;
                Uncertainty",
}

@article{Chu:Marr:1991,
    author = {Chu, C.-K. and Marron, J. S.},
    title = {Choosing a kernel regression estimator ({D}isc: p419-436)},
    year = {1991},
    journal = statsci,
    volume = {6},
    pages = {404--419},
    keywords = {Smoothing; Nonparametric regression}
}

@InProceedings{Clyd:1999,
      Author = "Merlise A. Clyde",
       Title = "{B}ayesian model averaging and model search strategies (with
                discussion)",
        Year = 1999,
    CrossRef = {bayes6:1999},
       Pages = "157--185",
    Keywords = "Generalized linear model; Markov chain Monte Carlo"
}
@Article{Clyd:1999b,
      Author = "Merlise A. Clyde",
       Title = "Comment on ``{B}ayesian Model Averaging: A Tutorial'' by
                {J.\ A.\ H}oeting, {D.\ M}adigan, {A.\ E.\ R}aftery, and
                  {C.\ T.\ V}olinsky", 
     Journal = statsci,
      Volume = 14,
       Pages = "401--404",
        Year = 1999
}
@Article{Clyd:2000,
      Author = "Merlise A. Clyde",
        Year = 2000,
       Title = "Model Uncertainty and Health Effect Studies for
                Particulate Matter",
     Journal = "Environmetrics",
      Volume = 11,
       Pages = "745--763"
}
@InCollection{Clyd:2001,
      Author = "Merlise A. Clyde",
        Year = 2001,
       Title = "Discussion of ``{T}he Practical Implementation of {B}ayesian Model
                Selection''",
       Pages = "117--124",
   Booktitle = "Model Selection",
   Publisher = ims,
     Address = "Hayward, CA",
      Editor = "Partha Lahiri",
      Series = lns,
      Volume = 38,
}
@InProceedings{Clyd:2003,
      Author = "Merlise A. Clyde",
        Year = 2003,
       Title = "Discussion of `{F}requentist and {B}ayesian Multiple
                  Testing', by {C.\ G}enoviese and {L.\ W}asserman",
    CrossRef = {bayes7:2003},
       Pages = "157--159",
}
@InProceedings{Clyd:Wolp:2006,
      Author = "Merlise A. Clyde and Robert L. Wolpert",
        Year = 2006,
       Title = "Bayesian Nonparametric Function Estimation unsing Overcomplete Dictionaries ",
    CrossRef = {bayes8:2006},
       Pages = "to appear",
}
@Article{Clyd:DeSi:Parm:1996,
      Author = "Merlise A. Clyde and DeSimone, Heather and Giovanni Parmigiani",
       Title = "Prediction via orthogonalized model mixing",
        Year = 1996,
     Journal = jasa,
      Volume = 91,
       Pages = "1197--1208",
    Keywords = "Theory and Methods; {B}ayesian linear model; Importance
                  sampling; Model uncertainty; Variable selection",
}
@InProceedings{Clyd:DeSi:Parm:1996b,
      Author = "Merlise A. Clyde and Heather DeSimone and Giovanni Parmigiani",
       Title = "Comment on ``{A}ccounting for model uncertainty in survival
                  analysis improves predictive performance''", 
        Year = 1996,
    CrossRef = {bayes5:1996},
       Pages = 341,
    Keywords = "{B}ayes factor; Cox regression; Exponential regression;
                  Model selection",
}
@InProceedings{Clyd:Geor:1999,
      Author = "Merlise A. Clyde and Edward I. George",
       Title = "Empirical {B}ayes estimation in wavelet nonparametric regression",
        Year = 1999,
   Booktitle = "{B}ayesian Inference in Wavelet Based Models",
     Editors = "Peter M\^^buller and Brani Vidakovic",
   Publisher = sv,
     Address = "New York, NY",
       Pages = "309--322"
}
@Article{Clyd:Geor:2000,
      Author = "Merlise A. Clyde and Edward I. George",
       Title = "Flexible empirical {B}ayes estimation for wavelets",
        Year = 2000,
     Journal = jrssb,
      Volume = 62,
      Number = 4,
       Pages = "681--698",
    Keywords = "{B}ayesian model averaging; EM algorithm; hierarchical
                  models; Model selection; multiple shrinkage; orthogonal
                  regression; Outliers; Robustness; Thresholding",
}
@Article{Clyd:Geor:2004,
      Author = "Merlise A. Clyde and Edward I. George",
       Title = "Model Uncertainty",
     Journal = statsci,
        Year = 2004,
       Month = may,
      Volume = 19,
      Number = 2,
       Pages = {81--94},
}
@InProceedings{Clyd:Lee:2001,
      Author = "Merlise A. Clyde and Herbert K. H. Lee",
        Year = 2001,
       Title = "Bagging and the {B}ayesian bootstrap",
   BookTitle = "Artificial Intelligence and Statistics 2001",
      Editor = "Tommi S. Jaakkola and Thomas Richardson",
       Pages = "169--174",
   Publisher = "Morgan Kaufmann",
     Address = "San Francisco, CA",
}
@Misc{Clyd:Litt:2003,
       Title = "Sampling without Replacement for Bayesian Variable Selection",
        Year = 2003,
      Author = "Merlise A. Clyde and Michael Littman",
}
@InProceedings{Clyd:Parm:Vida:1996,
      Author = "Merlise A. Clyde and Giovanni Parmigiani and Brani Vidakovic",
       Title = "Using {M}arkov chain {M}onte {C}arlo to account for model
                  uncertainty with applications to wavelets",
        Year = 1996,
   Booktitle = "Computing Science and Statistics. Graph -- Image --
                  Vision. Proceedings of the 28th Symposium on the
                  Interface", 
       Pages = "209--218",
    Keywords = "{B}ayesian method; Dimension reduction"
}
@Article{Clyd:Parm:Vida:1998,
      Author = "Merlise A. Clyde and Giovanni Parmigiani and Brani Vidakovic",
       Title = "Multiple shrinkage and subset selection in wavelets",
        Year = 1998,
     Journal = bka,
      Volume = 85,
       Pages = "391--401",
    Keywords = "Gibbs sampler; Importance sampling; {B}ayesian estimation"
}

@book{Cris:Shaw:2000,
    author = {Cristianini, Nello and Shawe-Taylor, John},
    title = {An introduction to support vector machines: and other kernel-based learning methods},
    year = {2000},
    pages = {189},
    publisher = {Cambridge University Press}
}


@PhDthesis{Cui:2002,
      Author = "Wen Cui",
        Year = 2002,
       Title = "Variable Selection:  {E}mpirical {B}ayes vs. Fully {B}ayes",
      School = "Department of MSIS, University of Texas at Austin",
}


@Article{Davi:1973,
      Author = "Lee D. Davisson",
       Title = "Universal noiseless coding",
     Journal = ieeeit,
      Volume = 19,
        Year = 1973,
       Month = "Nov.",
       Pages = "783--795",
}
@InProceedings{Dawi:Laur:2001,
      Author = "A. Philip Dawid and Stephen L. Lauritzen",
        Year = 2001,
       Title = "Compatible Prior Distributions",
       Pages = "109--118",
   BookTitle = "{B}ayesian Methods with Applications to Science, Policy, and
                Official Statistics, Selected papers from ISBA 2000: The Sixth World
                Meeting of the International Society for {B}ayesian Analysis",
      Editor = "Edward I. George",
   Publisher = "Eurostat",
     Address = "Luxembourg",
        ISBN = "92-894-1283-6",
}
@Article{Dell:Fors:1999,
      Author = "Petros Dellaportas and Jonathan J. Forster",
       Title = "Markov chain {M}onte {C}arlo model determination for
                  hierarchical and graphical log-linear models",
        Year = 1999,
     Journal = bka,
      Volume = 86,
       Pages = "615--633",
    Keywords = "{B}ayesian analysis; Contingency table"
}
@Article{Dell:Fors:Ntzo:2002,
      Author = "Petros Dellaportas and Jonathan J. Forster and Ioannis Ntzoufras",
       Title = "On {B}ayesian model and variable selection using {MCMC}",
        Year = 2002,
     Journal = statcomp,
      Volume = 12,
      Number = 1,
       Pages = "27--36",
    Keywords = "Gibbs sampler; independence sampler; Metropolis-Hastings;
                  Reversible jump",
}
@Article{Dell:Giud:Robe:2001,
      Author = "Petros Dellaportas and Paolo Giudici and Gareth O. Roberts",
        Year = 2003,
       Title = "{B}ayesian inference for nondecomposable graphical {G}aussian
                models",
     Journal = sankA,
      Volume = 65,
       Pages = "43--55",
}
@Article{Demp:1972,
      Author = "Arthur M. Dempster",
       Title = "Covariance selection",
        Year = 1972,
     Journal = bio,
      Volume = 28,
       Pages = "157--175",
    Keywords = "Exponential family; Covariance estimation; Parameter
                  selection; Maximum likelihood; Maximum entropy;
                  Multivariate; Normal distribution; Computing",
}
@Article{Deni:2001,
      Author = "David G. T. Denison",
       Title = "Boosting with {B}ayesian stumps",
        Year = 2001,
     Journal = statcomp,
      Volume = 11,
      Number = "2",
       Pages = "171--178",
    Keywords = "{B}ayes' theorem; Classification"
}
@Article{Deni:Adam:Holm:Hand:2002,
      Author = "David G. T. Denison and Niall M. Adams and Chris C. Holmes and
                  David J. Hand",
       Title = "{B}ayesian partition modelling",
        Year = 2002,
     Journal = csda,
      Volume = 38,
      Number = 4,
       Pages = "475--485",
    Keywords = "{B}ayesian model averaging; Classification; Markov chain
                  Monte Carlo; Partitioning; MCMC",
}
@Article{Deni:Mall:Smit:1998,
      Author = "David G. T. Denison and Bani K. Mallick and Adrian F. M. Smith",
       Title = "A {B}ayesian {CART} algorithm",
        Year = 1998,
     Journal = bka,
      Volume = 85,
       Pages = "363--377",
    Keywords = "CART; Regression tree; Markov chain Monte Carlo"
}
@Article{Deni:Mall:Smit:1998b,
      Author = "David G. T. Denison and Bani K. Mallick and Adrian F. M. Smith",
       Title = "Automatic {B}ayesian curve fitting",
        Year = 1998,
     Journal = jrssb,
      Volume = 60,
       Pages = "333--350",
    Keywords = "Backfitting; Least squares; Markov chain Monte Carlo"
}
@Article{Deni:Mall:Smit:1998c,
      Author = "David G. T. Denison and Bani K. Mallick and Adrian F. M. Smith",
       Title = "{B}ayesian {MARS}",
        Year = 1998,
     Journal = statcomp,
      Volume = 8,
       Pages = "337--346",
    Keywords = "Markov chain Monte Carlo; Regression spline"
}
@Article{Deni:Smit:Mall:1998a,
      Author = "David G. T. Denison and Adrian F. M. Smith and Bani K. Mallick",
       Title = "Comment on ``{B}ayesian {CART} model search''",
        Year = 1998,
     Journal = jasa,
      Volume = 93,
       Pages = "954--957",
    Keywords = "Theory and Methods"
}
@Article{DiCi:Kass:Raft:Wass:1997,
      Author = "Thomas J. DiCiccio and Robert E. Kass and Adrian E. Raftery
                  and Larry Wasserman",
       Title = "Computing {B}ayes factors by combining simulation and
                  asymptotic approximations",
        Year = 1997,
     Journal = jasa,
      Volume = 92,
       Pages = "903--915",
    Keywords = "Theory and Methods; Bartlett correction; Model selection;
                  Monte Carlo; Laplace's method",
}
@TechReport{Dobr:Hans:Jone:Nevi:West:2003,
      Author = "Adrian Dobra and Christopher Hans and Beatrix Jones and
                  Joseph R. Nevins and Mike West",
       Title = "Sparse Graphical Models for Exploring Gene Expression Data",
 Institution = isds,
      Number = "03-11",
        Year = 2003
}
@TechReport{Dono:Huo:1999,
      Author = "David L. Donoho and Xiaoming Huo",
       Title = "Uncertainty principles and idea atomic decompositions",
        Year = 1999,
 Institution = "Department of Statistics, Stanford University",
}
@Article{Dono:John:1994,
      Author = "David L. Donoho and Iain M. Johnstone",
       Title = "Ideal spatial adaptation by wavelet shrinkage",
        Year = 1994,
     Journal = bka,
      Volume = 81,
       Pages = "425--455",
    Keywords = "Minimax; Spline"
}
@Article{Dono:John:1995,
      Author = "David L. Donoho and Iain M. Johnstone",
       Title = "Adapting to unknown smoothness via wavelet shrinkage",
        Year = 1995,
     Journal = jasa,
      Volume = 90,
       Pages = "1200--1224",
    Keywords = "James-Stein estimator; Nonparametric regression"
}
@Article{Dono:John:Kerk:Pica:1995,
      Author = "David L. Donoho and Iain M. Johnstone and G\'erard Kerkyacharian
                  and Dominique Picard",
       Title = "Wavelet shrinkage: {A}symptopia? (with discussion)",
        Year = 1995,
     Journal = jrssb,
      Volume = 57,
       Pages = "301--337",
    Keywords = "Density estimation; Minimax estimator; Smoothing"
}

@TechReport{Douc:Guil:Mari:Robe:2006,
  author = 	 {R. Douc and A. Guillin and J.-M. Marin and C.P. Robert},
  title = 	 {Convergence of adaptive mixtures of importance sampling schemes},
  institution =  {Ceremade - Université Paris-Dauphine },
  year = 	 {2006},
  OPTkey = 	 {},
  OPTtype = 	 {},
  OPTnumber = 	 {},
  OPTaddress = 	 {},
  OPTmonth = 	 {},
  OPTnote = 	 {},
  OPTannote = 	 {}
}

@Article{Drap:1995,
      Author = "David Draper",
       Title = "Assessment and propagation of model uncertainty (with discussion)",
        Year = 1995,
     Journal = jrssb,
      Volume = 57,
       Pages = "45--70",
    Keywords = "{B}ayes factor; Forecasting; Nested model; prediction; Robustness"
}
@Article{Drap:1999,
      Author = "David Draper",
       Title = "Comment on ``{B}ayesian model averaging: {A} tutorial''
                (with discussion)",
        Year = 1999,
     Journal = statsci,
      Volume = 14,
      Number = 4,
       Pages = "405--409"
}
@Article{Drap:Fous:2000,
      Author = "David Draper and Dimitris Fouskakis",
       Title = "A Case Study of Stochastic Optimization in Health Policy:
                  Problem Formulation and Preliminary Results", 
        Year = 2000,
    LJournal = "Journal of Global Optimization",
     Journal = "J. Global Optim.",
      Volume = 18,
       Pages = "399--416",
}
@Article{Dupu:Robe:2003,
      Author = "Jerome A. Dupuis and Christian P. Robert",
       Title = "Variable selection in qualitative models via an entropic
                  explanatory power",
        Year = 2003,
     Journal = jspi,
      Volume = 111,
      Number = "1-2",
       Pages = "77--94"
}
@InProceedings{Edwa:Lind:Sava:1984,
      Author = "Ward Edwards and Harold Lindman and Leonard J. Savage",
       Title = "{B}ayesian statistical inference for psychological research",
        Year = 1984,
   Booktitle = "Robustness of {B}ayesian Analysis",
       Pages = "1--62"
}
@Article{Edwa:Lind:Sava:1963,
      Author = "Ward Edwards and Harold Lindman and Leonard J. Savage",
       Title = "{B}ayesian statistical inference for psychological research",
        Year = 1964,
    LJournal = "Psychological Review",
     Journal = "Psychol. Rev.",
      Volume = 70,
       Pages = "193--242",
}
@InProceedings{Efro:1960,
      Author = "Mike A. Efroymson",
        Year = 1960,
       Title = "Multiple regression analysis",
   Booktitle = "Mathematical Methods for Digital Computers",
     Editors = "Anthony Ralston and Herbert S. Wilf",
   Publisher = jw&s,
     Address = "New York, NY",
       Pages = "191--203",
}
@Article{Efro:1983,
      Author = "Bradley Efron",
       Title = "Estimating the error rate of a prediction rule:
                  {I}mprovement on cross-validation", 
        Year = 1983,
     Journal = jasa,
      Volume = 78,
       Pages = "316--331",
    Keywords = "Analysis of variance [ANOVA]; Bootstrap; Logistic regression"
}
@Article{Fern:Ley:Stee:2001,
      Author = "Carmen Fern\'{a}ndez and Eduardo Ley and Mark F. J. Steel",
        Year = 2001,
       Title = "Benchmark priors for {B}ayesian model averaging",
     Journal = jecon,
      Volume = 100,
       Pages = "381--427",
}
@Article{Fost:Geor:1994,
      Author = "Dean P. Foster and Edward I. George",
       Title = "The risk inflation criterion for multiple regression",
        Year = 1994,
     Journal = aos,
      Volume = 22,
       Pages = "1947--1975",
    Keywords = "Model selection; Variable selection",
}
@Article{Four:Stra:Well:1998,
      Author = "Dominique Fourdrinier and William E. Strawderman and
                  Martin T. Wells",
       Title = "On the construction of {B}ayes minimax estimators",
        Year = 1998,
     Journal = aos,
      Volume = 26,
      Number = 2,
       Pages = "660--671",
}

@InProceedings{Fren:1986,
  author = 	 {D. Frenkel},
  title = 	 {Free Energy Computation and First-Order Phase Transitions,},
  OPTcrossref =  {},
  OPTkey = 	 {},
  booktitle = {Molecular Dynamics Simulation of Statistical Mechanical Systems},
  pages = 	 {151-188},
  year = 	 {1986},
  editor = 	 {G. Ciccotti and W.G. Hoover},
  OPTvolume = 	 {},
  OPTnumber = 	 {},
  OPTseries = 	 {},
  OPTaddress = 	 {},
  OPTmonth = 	 {},
  OPTorganization = {},
  publisher = {North-Holland, Amsterdam},
  OPTnote = 	 {},
  OPTannote = 	 {}
}

@Article{Furn:Wils:1974,
      Author = "George M. Furnival and Wilson, Robert W., Jr",
       Title = "Regression By Leaps and Bounds",
        Year = 1974,
     Journal = tech,
      Volume = 16,
       Pages = "499--511",
    Keywords = "Regression computation; Subset selection"
}
@Article{Gart:Dick:1988,
      Author = "Paul H. Garthwaite and James M. Dickey",
       Title = "Quantifying expert opinion in linear regression problems",
        Year = 1988,
     Journal = jrssb,
      Volume = 50,
       Pages = "462--474",
    Keywords = "{B}ayesian regression; Prior distribution; Probability elicitation"
}
@Article{Gart:Dick:1992,
      Author = "Paul H. Garthwaite and James M. Dickey",
       Title = "Elicitation of prior distributions for variable-selection
                  problems in regression", 
        Year = 1992,
     Journal = aos,
      Volume = 20,
       Pages = "1697--1719",
    Keywords = "Expert opinion"
}
@Article{Gart:Dick:1996,
      Author = "Paul H. Garthwaite and James M. Dickey",
       Title = "Quantifying and using expert opinion for variable-selection
                problems in regression (with discussion)",
        Year = 1996,
    LJournal = "Chemometrics and Intelligent Laboratory Systems",
     Journal = "Chemometr. Intell. Lab.",
      Volume = 35,
       Pages = "1--26"
}
@Article{Geis:Eddy:1979,
      Author = "Seymour Geisser and William F. Eddy",
       Title = "A predictive approach to model selection ({C}orr: {V}75 p.\thinspace765)",
        Year = 1979,
     Journal = jasa,
      Volume = 74,
       Pages = "153--160",
    Keywords = "Data analysis; Hypothesis testing; Quasi-{B}ayes criterion"
}
@Article{Gelf:2000,
      Author = "Alan E. Gelfand",
       Title = "Gibbs sampling",
        Year = 2000,
     Journal = jasa,
      Volume = 95,
      Number = 452,
       Pages = "1300--1304"
}
@Article{Gelf:Dey:1994,
      Author = "Alan E. Gelfand and Dipak K. Dey",
       Title = "{B}ayesian model choice: {A}symptotics and exact calculations",
        Year = 1994,
     Journal = jrssb,
      Volume = 56,
       Pages = "501--514",
    Keywords = "Nonlinear model; Monte Carlo"
}
@InProceedings{Gelf:Dey:Chan:1992,
      Author = "Alan E. Gelfand and Dipak K. Dey and Hong Chang",
       Title = "Model determination using predictive distributions,
                with implementation via sampling-based methods (with discussion)",
        Year = 1992,
    CrossRef = {bayes4:1992},
       Pages = "147--159",
    Keywords = "Cross-validation"
}
@Article{Gelf:Ghos:1998,
      Author = "Alan E. Gelfand and Sujit K. Ghosh",
       Title = "Model choice: {A} minimum posterior predictive loss approach",
        Year = 1998,
     Journal = bka,
      Volume = 85,
       Pages = "1--11",
    Keywords = "Censored data; Exponential family; Generalized linear
                  model; {B}ayes factor" 
}
@Article{Gelf:Smit:1990,
      Author = "Alan E. Gelfand and Adrian F. M. Smith",
       Title = "Sampling-based approaches to calculating marginal densities",
        Year = 1990,
     Journal = jasa,
      Volume = 85,
       Pages = "398--409",
    Keywords = "Gibbs sampler; Importance sampling"
}
@Article{Gelf:Smit:1991,
      Author = "Alan E. Gelfand and Adrian F. M. Smith",
       Title = "Gibbs sampling for marginal posterior expectations",
        Year = 1991,
     Journal = cisa,
      Volume = 20,
       Pages = "1747--1766",
    Keywords = "Multinomial distribution; Laplace approximation; Variance component"
}
@Article{Gelm:Meng:1998,
      Author = "Andrew Gelman and Xiao-Li Meng",
       Title = "Simulating normalizing constants: {F}rom importance
                  sampling to bridge sampling to path sampling",
        Year = 1998,
     Journal = statsci,
      Volume = 13,
       Pages = "163--185",
    Keywords = "Hellinger distance; Jeffreys' prior; Markov chain Monte Carlo",
}
@Article{Gema:Gema:1984,
      Author = "Stuart Geman and Donald Geman",
       Title = "Stochastic relaxation, {G}ibbs distributions, and the
                  {B}ayesian restoration of images",
        Year = 1984,
     Journal = ieeepa,
      Volume = 6,
       Pages = "721--741",
    Keywords = "Annealing; Markov random field"
}
@Article{Geno:Wass:2002,
      Author = "Christopher Genovese and Larry Wasserman",
       Title = "Operating characteristics and extensions of the false
                  discovery rate procedure",
        Year = 2002,
     Journal = jrssb,
      Volume = 64,
      Number = 3,
       Pages = "499--517",
    Keywords = "Multiple testing; $p$-values; Risk"
}
@InProceedings{Geor:1999,
      Author = "Edward I. George",
        Year = 1999,
       Title = "Discussion of  ``{M}odel Averaging and Model
                Search Strategies'' by {M.\ C}lyde",
    CrossRef = {bayes6:1999},
        Page = "157--185"
}
@Article{Geor:1999a,
      Author = "Edward I. George",
       Title = "Comment on ``{B}ayesian model averaging: {A} tutorial''
                  ({P}kg: p.\thinspace382--417)", 
        Year = 1999,
     Journal = statsci,
      Volume = 14,
      Number = 4,
       Pages = "409--412"
}
@InProceedings{Geor:1999b,
      Author = "Edward I. George",
        Year = 1999,
       Title = "{B}ayesian model selection",
   Booktitle = "Encyclopedia of Statistical Sciences, Update Volume 3",
     Editors = "Samuel Kotz, Campbell B. Read and David L. Banks",
   Publisher = jw&s,
     Address = "New York, NY",
       Pages = "39--46"
}
@Article{Geor:2000,
      Author = "Edward I. George",
       Title = "The variable selection problem",
        Year = 2000,
     Journal = jasa,
      Volume = 95,
      Number = 452,
       Pages = "1304--1308"
}
@InProceedings{Geor:2002,
      Author = "Edward I. George",
       Title = "The variable selection problem",
        Year = 2002,
   Booktitle = "Statistics in the 21st century",
       Pages = "350--358",
    Keywords = "{B}ayesian methods emerge; vignette"
}
@TechReport{Geor:Lian:Xu:2003,
      Author = "Edward I. George and Feng Liang and  Xinyi Xu",
       Title = "Improved minimax prediction under Kullback-Leibler loss",
 Institution = isds,
      Number = "03-18",
        Year = 2003,
}
@Article{Geor:Fost:2000,
      Author = "Edward I. George and Dean P. Foster",
       Title = "Calibration and empirical {B}ayes variable selection",
        Year = 2000,
     Journal = bka,
      Volume = 87,
      Number = 4,
       Pages = "731--747",
    Keywords = "AIC; BIC; Conditional likelihood; $C_p$; Hierarchical
                  model; Marginal likelihood; Model selection; RIC; Risk;
                  Selection bias; shrinkage estimation; Wavelets; Akaike
                  information criterion; {B}ayes information criterion",
}
@Article{Geor:McCu:1993,
      Author = "Edward I. George and Robert E. McCulloch",
       Title = "Variable Selection via {G}ibbs Sampling",
        Year = 1993,
     Journal = jasa,
      Volume = 88,
       Pages = "881--889",
    Keywords = "Latent variable; Mixture of distributions",
}
@InProceedings{Geor:McCu:1996,
      Author = "Edward I. George and Robert E. McCulloch",
        Year = 1996,
       Title = "Stochastic search variable selection",
   Booktitle = "Markov Chain Monte Carlo in Practice",
      Editor = "Walter R. Gilks, Sylvia Richardson and David J. Spiegelhalter",
       Pages = "203--214",
   Publisher = chap,
     Address = "New York, NY",
}
@Article{Geor:McCu:1997,
      Author = "Edward I. George and Robert E. McCulloch",
       Title = "Approaches for {B}ayesian variable selection",
        Year = 1997,
     Journal = statsin,
      Volume = 7,
       Pages = "339--374",
}
@Article{Geor:McCu:1999,
      Author = "Edward I. George and Robert E. McCulloch",
       Title = "Comment on ``{V}ariable selection and function estimation
                  in additive nonparametric regression using a data-based
                  prior''", 
        Year = 1999,
     Journal = jasa,
      Volume = 94,
       Pages = "798--799",
    Keywords = "Theory and Methods",
}
@InProceedings{Geor:McCu:Tsay:1995,
      Author = "Edward I. George and Robert E. McCulloch and Ruey S. Tsay",
        Year = 1995,
       Title = "Two approaches to {B}ayesian Model
                selection with applications",
   Booktitle = "{B}ayesian Statistics and Econometrics: Essays in
                Honor of Arnold Zellner",
      Editor = "Donald A. Berry and Kathryn Chaloner and John Geweke",
   Publisher = jw&s,
     Address = "New York, NY",
       Pages = "339--348"
}
@InProceedings{Gewe:1992,
      Author = "John Geweke",
       Title = "Evaluating the accuracy of sampling-based approaches to the
                calculation of posterior moments (with discussion)",
        Year = 1992,
    CrossRef = {bayes4:1992},
       Pages = "169--188",
    Keywords = "Data augmentation; Gibbs sampler"
}
@InProceedings{Gewe:1996,
      Author = "John Geweke",
       Title = "Variable selection and model comparison in regression",
        Year = 1996,
    CrossRef = {bayes5:1996},
       Pages = "609--620",
    Keywords = "{B}ayesian approach"
}
@article{Give:Raft:1996,
    author = {Givens, Geof H. and Raftery, Adrian E.},
    title = {Local adaptive importance sampling for multivariate densities with strong nonlinear relationships},
    year = {1996},
    journal = jasa,
    volume = {91},
    pages = {132--141},
    keywords = {Theory and Methods; Bayesian approach; Density estimation; Nonparametric estimation; Integral evaluation; Kernel method; Monte Carlo simulation}
}

@Article{Giud:Gree:1999,
      Author = "Paolo Giudici and Peter J. Green",
       Title = "Decomposable graphical {G}aussian model determination",
        Year = 1999,
     Journal = bka,
      Volume = 86,
       Pages = "785--801",
    Keywords = "{B}ayesian model selection; Wishart distribution; Markov
                  chain Monte Carlo", 
}
@Article{Gong:1986,
      Author = "Gail Gong",
       Title = "Cross-validation, the jackknife, and the bootstrap:
                  {E}xcess error estimation in forward logistic
                  regression",
        Year = 1986,
     Journal = jasa,
      Volume = 81,
       Pages = "108--113",
    Keywords = "prediction; Variable selection"
}
@Article{Gods:2001,
      Author = "Simon J. Godsill",
       Title = "On the relationship between {M}arkov chain {M}onte {C}arlo
                  methods for model uncertainty",
        Year = 2001,
     Journal = jcgs,
      Volume = 10,
      Number = 2,
       Pages = "230--248",
    Keywords = "{B}ayes; Jump diffusion; Model selection; Reversible jump;
                  Variable selection; {B}ayesian approach",
}
@Article{Gout:Robe:1998,
      Author = "Constantinos Goutis and Christian P. Robert",
       Title = "Model choice in generalised linear models: {A} {B}ayesian
                  approach via {K}ullback-{L}eibler projections", 
        Year = 1998,
     Journal = bka,
      Volume = 85,
       Pages = "29--37",
    Keywords = "{B}ayes factor; Markov chain Monte Carlo"
}
@Article{Gree:1995,
      Author = "Peter J. Green",
       Title = "Reversible jump {M}arkov chain {M}onte {C}arlo computation
                  and {B}ayesian model determination",
        Year = 1995,
     Journal = bka,
      Volume = 82,
       Pages = "711--732",
    Keywords = "Change point",
}
@InProceedings{Gree:2003,
      Author = "Peter J. Green",
       Title = "Trans-dimensional {M}arkov Chain {M}onte {C}arlo",
   BookTitle = "Highly {S}tructured {S}tochastic {S}ystems",
       Pages = "179--206",
        Year = 2003,
}
@Article{Gust:2000,
      Author = "Paul Gustafson",
       Title = "{B}ayesian regression modeling with interactions and smooth
                  effects",
        Year = 2000,
     Journal = jasa,
      Volume = 95,
      Number = 451,
       Pages = "795--806",
    Keywords = "{B}ayesian method; Interaction; Multiple regression; Splines"
}
@Article{Han:Carl:2001,
      Author = "Cong Han and Bradley P. Carlin",
       Title = "Markov chain {M}onte {C}arlo methods for computing {B}ayes
                  factors: {A} comparative review",
        Year = 2001,
     Journal = jasa,
      Volume = 96,
      Number = 455,
       Pages = "1122--1132",
    Keywords = "{B}ayesian model choice; Gibbs sampler; Marginal
                  likelihood; Metropolis-Hastings algorithm; reversible
                  jump sampler"
}
@Article{Hast:1970,
      Author = "W. Keith Hastings",
       Title = "Monte {C}arlo sampling methods using {M}arkov chains and
                  their applications",
        Year = 1970,
     Journal = bka,
      Volume = 57,
       Pages = "97--109",
    Keywords = "Random orthogonal matrices"
}
@Article{Haug:1988,
      Author = "Dominique M. A. Haughton",
       Title = "On the choice of a model to fit data from an exponential family",
        Year = 1988,
     Journal = aos,
      Volume = 16,
       Pages = "342--355"
}
@article{Hest:1995,
    author = {Hesterberg, Tim},
    title = {Weighted average importance sampling and defensive mixture distributions},
    year = {1995},
    journal = tech},
    volume = {37},
    pages = {185--194},
    keywords = {Variance reduction}
}
@Article{Hock:1976,
      Author = "Ronald R. Hocking",
       Title = "The analysis and selection of variables in linear regression",
        Year = 1976,
     Journal = bio,
      Volume = 32,
       Pages = "1--49",
    Keywords = "Subset selection; Biased estimation; Stepwise regression;
                  Model misspecification; Ridge regression; Stopping rule;
                  Multicollinearity; Shrinkage estimator; Principal
                  component", 
}
@Article{Hodg:1987,
      Author = "James S. Hodges",
       Title = "Uncertainty, Policy Analysis and Statistics (with discussion)",
        Year = 1987,
     Journal = statsci,
      Volume = 2,
       Pages = "259--275",
    Keywords = "{B}ayes approach; Prediction"
}
@Article{Hoet:Ibra:1998,
      Author = {Jennifer A. Hoeting and Joseph G. Ibrahim},
       Title = {{B}ayesian predictive simultaneous variable and
                  transformation selection in the linear model},
        Year = 1998,
     Journal = csda,
      Volume = 28,
       Pages = {87--103},
    Keywords = "Box-Cox transformation; Calibration"
}

@Article{Hoet:Madi:Raft:Voli:1999,
      Author = {Jennifer A. Hoeting and David Madigan and Adrian E. Raftery
                  and Chris T. Volinsky}, 
       Title = {{B}ayesian model averaging: a tutorial (with discussion)},
        Year = 1999,
     Journal = statsci,
      Volume = 14,
      Number = 4,
       Pages = "382--401",
    Keywords = "{B}ayesian model averaging; {B}ayesian graphical models;
                learning; Model uncertainty; Markov chain Monte Carlo; Graphical
                model; Model uncertainty; Markov chain Monte Carlo; Model selection",
    Note = "Corrected version at \url{
               http://www.stat.washington.edu/www/research/online/hoeting1999.pdf}", }

@Article{Hoet:Madi:Raft:Voli:2000,
      Author = "Jennifer A. Hoeting and David Madigan and Adrian
                  E. Raftery and Chris T. Volinsky",
       Title = "Correction to ``{B}ayesian model averaging: a tutorial''
                  (1999{V}14 p.\thinspace382--417)",
        Year = 2000,
     Journal = statsci,
      Volume = 15,
      Number = 3,
       Pages = "193--195",
        Note = "Corrected version available at \url{
             http://www.stat.washington.edu/www/research/online/hoeting1999.pdf}",
}
@Article{Hoet:Raft:Madi:1996,
      Author = "Jennifer A. Hoeting and Adrian E. Raftery and David Madigan",
       Title = "A method for simultaneous variable selection and outlier
                  identification in linear regression", 
        Year = 1996,
     Journal = csda,
      Volume = 22,
       Pages = "251--270",
    Keywords = "Markov chain Monte Carlo"
}
@Article{Hoet:Raft:Madi:2002,
      Author = "Jennifer A. Hoeting and Adrian E. Raftery and David Madigan",
       Title = "{B}ayesian variable and transformation selection in linear
                  regression",
        Year = 2002,
     Journal = jcgs,
      Volume = 11,
      Number = 3,
       Pages = "485--507",
    Keywords = "{B}ayesian model averaging; CHANGE-POINT TRANSFORMATION;
                  MARKOV CHAIN MONTE CARLO MODEL COMPOSITION; Model
                  uncertainty; Posterior model probability",
}
@Article{Holm:Deni:Mall:2002,
      Author = "Chris C. Holmes and David G. T. Denison and Bani K. Mallick",
       Title = "Accounting for model uncertainty in seemingly unrelated regressions",
        Year = 2002,
     Journal = jcgs,
      Volume = 11,
      Number = 3,
       Pages = "533--551",
    Keywords = "{B}ayesian model choice; Markov chain Monte Carlo;
                  Multivariate regression; Vector autoregression",
}
@InProceedings{Holm:Deni:1999,
      Author = "Chris C. Holmes and David G. T. Denison",
       Title = "{B}ayesian wavelet analysis with a model complexity prior",
        Year = 1999,
    CrossRef = {bayes6:1999},
       Pages = "769--776",
    Keywords = "Variable selection; Shrinkage estimator"
}
@Article{Holm:Mall:2000,
      Author = "Chris C. Holmes and Bani K. Mallick",
       Title = "{B}ayesian wavelet networks for nonparametric regression",
        Year = 2000,
     Journal = ieeenn,
      Volume = 11,
      Number = 1,
       Pages = "27--35",
    Keywords = "{B}ayesian neural networks; Model choice; Nonparametric
                  regression; radial basis functions; Reversible jump;
                  Splines; Wavelets; Markov chain Monte Carlo; {MCMC}"
}
@Article{Holm:Mall:2001,
      Author = "Chris C. Holmes and Bani K. Mallick",
       Title = "{B}ayesian regression with multivariate linear splines",
        Year = 2001,
     Journal = jrssb,
      Volume = 63,
      Number = 1,
       Pages = "3--17",
    Keywords = "{B}ayesian model averaging; {B}ayesian piecewise linear
                  regression; Local linear regression; Multivariate
                  splines; Non-linear regression",
}
@Article{Hans:Koop:2002,
      Author = "Mark H. Hansen and Charles Kooperberg",
       Title = "Spline adaptation in extended linear models (with
                  discussion)",
        Year = 2002,
     Journal = statsci,
      Volume = 17,
      Number = 1,
       Pages = "2--20",
    Keywords = "Adaptive triangulations; AIC; BIC; Density estimation;
                  Extended linear models; Finite elements; free knot
                  splines; GCV; Linear splines; Multivariate splines;
                  Regression",
}
@Article{Hans:Yu:2001,
      Author = "Mark H. Hansen and Bin Yu",
       Title = "Model selection and the principle of minimum description length",
        Year = 2001,
     Journal = jasa,
      Volume = 96,
      Number = 454,
       Pages = "746--774",
    Keywords = "AIC; {B}ayesian methods; {B}ayes information criterion;
                  Cluster analysis; Code length; Coding redundancy;
                  Information theory; Model selection; Pointwise and
                  minimax lower bounds; Regression; Time series; Akaike
                  information criterion", 
}
@InCollection{Hans:Yu:2002,
      Author = "Mark H. Hansen and Bin Yu",
       Title = "Minimum Description Length model selection criteria for
                  generalized linear model", 
        Year = 2002,
   Booktitle = "Science and Statistics",
   Publisher = ims,
     Address = "Hayward, CA",
      Series = lns,
      Volume = 40,
}
@Article{Hurv:Tsai:1998,
      Author = "Clifford M. Hurvich and Chih-Ling Tsai",
       Title = "A crossvalidatory {AIC} for hard wavelet thresholding in
                  spatially adaptive function estimation",
        Year = 1998,
     Journal = bka,
      Volume = 85,
       Pages = "701--710",
    Keywords = "Model selection; Akaike information criterion"
}
@Article{Hurv:Simo:Tsai:1998,
      Author = "Clifford M. Hurvich and Jeffrey S. Simonoff and Chih-Ling Tsai",
       Title = "Smoothing parameter selection in nonparametric regression
                  using an improved {A}kaike information criterion",
        Year = 1998,
     Journal = jrssb,
      Volume = 60,
       Pages = "271--293",
    Keywords = "Kernel regression; Polynomial regression; Plug-in method"
}
@Article{Hurv:Tsai:1989,
      Author = "Clifford M. Hurvich and Chih-Ling Tsai",
       Title = "Regression and time series model selection in small samples",
        Year = 1989,
     Journal = bka,
      Volume = 76,
       Pages = "297--307",
    Keywords = "Akaike's information criterion; Kullback-Leibler information"
}
@Article{Ibra:Chen:1997,
      Author = "Joseph G. Ibrahim and Ming-Hui Chen",
       Title = "Predictive variable selection for the multivariate linear model",
        Year = 1997,
     Journal = bio,
      Volume = 53,
       Pages = "465--478",
    Keywords = "Multivariate regression"
}
@Article{Ibra:Chen:2000,
      Author = "Joseph G. Ibrahim and Ming-Hui Chen",
       Title = "Power prior distributions for regression models",
        Year = 2000,
     Journal = statsci,
      Volume = 15,
      Number = 1,
       Pages = "46--60",
    Keywords = "Cure rate model; Generalized linear model; Gibbs sampling;
                  Historical data; Prior elicitation; Model selection;
                  Proportional hazards model; Random effects model",
}
@Article{Ibra:Chen:MacE:1999,
      Author = "Joseph G. Ibrahim and Ming-Hui Chen and Steven N. MacEachern",
       Title = "{B}ayesian variable selection for proportional hazards models",
        Year = 1999,
     Journal = cjs,
      Volume = 27,
       Pages = "701--717"
}
@Article{Ibra:Chen:Ryan:2000,
      Author = "Joseph G. Ibrahim and Ming-Hui Chen and Louise M. Ryan",
       Title = "{B}ayesian variable selection for time series count data",
        Year = 2000,
     Journal = statsin,
      Volume = 10,
      Number = 3,
       Pages = "971--987",
    Keywords = "correlated counts; Gibbs sampling; hierarchical
                centering; Historical data; Poisson regression",
}
@Article{Ibra:Laud:1991,
      Author = "Joseph G. Ibrahim and Purushottam W. Laud",
       Title = "On {B}ayesian analysis of generalized linear models using
                  {J}effreys's prior", 
        Year = 1991,
     Journal = jasa,
      Volume = 86,
       Pages = "981--986",
    Keywords = "Logistic regression"
}
@TechReport{John:Silv:1998,
      Author = "Iain M. Johnstone and Bernard W. Silverman",
        Year = 1998,
       Title = "Empirical {B}ayes approaches to mixture problems and
                  wavelet regression",
 Institution = "Univ. of Bristol"
}
@TechReport{John:Silv:2002,
      Author = "Iain M. Johnstone and Bernard W. Silverman",
        Year = 2003,
       Title = "Needles and hay in haystacks: Empirical {B}ayes estimates of
                possibly sparse sequences",
 Institution = "Univ. of Bristol"
}
@UnPublished{John:Silv:2004c,
      Author = "Iain M. Johnstone and Bernard W. Silverman",
       Title = "Empirical {B}ayes Selection of Wavelet Thresholds",
         URL = "<http://www.stats.ox.ac.uk/~silverma/papers.html>",
        Note = "Preprint available at URL \url
                {<http://www.stats.ox.ac.uk/~silverma/papers.html>}",
        Year = 2004,
}
@InProceedings{Kass:1988,
      Author = "Robert E. Kass",
       Title = "Comment on `Approximating Posterior Distributions and Posterior
                Moments' by {C.\ N.\ M}orris",
    CrossRef = {bayes3:1988},
        Year = 1988,
       Pages = "327--344",
    Keywords = "Exponential family; Pearson curves",
}
@Article{Kass:Raft:1995,
      Author = "Robert E. Kass and Adrian E. Raftery",
       Title = "{B}ayes factors",
        Year = 1995,
     Journal = jasa,
      Volume = 90,
       Pages = "773--795",
    Keywords = "Hypothesis testing; Importance sampling; Markov chain Monte
                  Carlo; Model selection",
}
@InProceedings{Kass:Tier:Kada:1990,
      Author = "Robert E. Kass and Luke Tierney and Joseph B. Kadane",
       Title = "The validity of posterior expansions based on {L}aplace's method",
        Year = 1990,
   Booktitle = "{B}ayesian and Likelihood Methods in Statistics and
                  Econometrics: Essays in Honor of George A. Barnard", 
       Pages = "473--488",
    Keywords = "{B}ayesian inference",
}
@Article{Kass:Wass:1995,
      Author = "Robert E. Kass and Larry Wasserman",
       Title = "A reference {B}ayesian test for nested hypotheses and its
                  relationship to the {S}chwarz criterion", 
        Year = 1995,
     Journal = jasa,
      Volume = 90,
       Pages = "928--934",
    Keywords = "Model selection; {B}ayes factor",
}
@Article{Kass:Wass:1996,
      Author = "Robert E. Kass and Larry Wasserman",
       Title = "The selection of prior distributions by formal rules
                  ({C}orr: 1998{V}93 p.\thinspace412)", 
        Year = 1996,
     Journal = jasa,
      Volume = 91,
       Pages = "1343--1370",
    Keywords = "Review Paper; {B}ayes factor; Entropy; Jeffreys' prior;
                  Noninformative prior; Reference prior; Haar measure;
                  Improper priors; Marginalization paradoxes",
}
@InProceedings{Key:Peri:Smit:1999,
      Author = "Jane T. Key and Luis R. Pericchi and Adrian F. M. Smith",
       Title = "{B}ayesian model choice: {W}hat and why?",
        Year = 1999,
    CrossRef = {bayes6:1999},
       Pages = "343--370",
    Keywords = "Decision theory",
}
@InProceedings{Key:Peri:Smit:1998,
      Author = "Jane T. Key and Luis R. Pericchi and Adrian F. M. Smith",
       Title = "Choosing among models when none of them are true",
        Year = 1998,
   Booktitle = "Proceedings of the Workshop on Model Selection,
                Special Issue of Rassegna di Metodi Statistici ed
                Applicazioni",
     Editors = "Walter Racugno",
   Publisher = "Pitagora Editrice",
     Address = "Bologna, IT",
       Pages = "",
}
@Article{Kim:Ibra:2000,
      Author = "Seong W. Kim and Joseph G. Ibrahim",
       Title = "Default {B}ayes factors for generalized linear models",
        Year = 2000,
     Journal = jspi,
      Volume = 87,
      Number = 2,
       Pages = "301--315",
    Keywords = "Exponential regression; Improper prior; Intrinsic {B}ayes
                  factor; fractional {B}ayes factor; Jeffreys's prior;
                  Logistic regression; Poisson regression", 
}
@Article{Knig:Kust:Tibs:1998,
      Author = "Keith Knight and Rafal Kustra and Robert Tibshirani",
       Title = "Comment on ``{B}ayesian {CART} model search''",
        Year = 1998,
     Journal = jasa,
      Volume = 93,
       Pages = "950--954",
}
@Article{Kohn:Marr:Yau:2000,
      Author = "Robert Kohn and J. Steven Marron and Paul Yau",
       Title = "Wavelet estimation using {B}ayesian basis selection and
                  basis averaging", 
        Year = 2000,
     Journal = statsin,
      Volume = 10,
      Number = 1,
       Pages = "109--128",
    Keywords = "Empirical {B}ayes; Fourier series; Nonparametric regression",
}
@Article{Kuo:Mall:1998,
      Author = "Lynn Kuo and Bani K. Mallick",
       Title = "Variable selection for regression models",
        Year = 1998,
     Journal = sankB,
      Volume = 60,
       Pages = "65--81",
    Keywords = "{B}ayesian inference; Generalized linear model; Gibbs
                  sampler; Subset selection", 
}
@Article{Laud:Ibra:1995,
      Author = "Purushottam W. Laud and Joseph G. Ibrahim",
       Title = "Predictive model selection",
        Year = 1995,
     Journal = jrssb,
      Volume = 57,
       Pages = "247--262",
    Keywords = "{B}ayesian approach; Linear model; Variance function;
                  Subset selection",
}
@Article{Laud:Ibra:1996,
      Author = "Purushottam W. Laud and Joseph G. Ibrahim",
       Title = "Predictive specification of prior model probabilities in
                  variable selection", 
        Year = 1996,
     Journal = bka,
      Volume = 83,
       Pages = "267--274",
    Keywords = "{B}ayesian approach",
}
@Article{Leam:1978a,
      Author = "Edward E. Leamer",
       Title = "Regression selection strategies and revealed priors",
        Year = 1978,
     Journal = jasa,
      Volume = 73,
       Pages = "580--587",
    Keywords = "Constrained regression; {B}ayesian inference",
}
@Article{Lee:2001,
      Author = "Herbert K. H. Lee",
       Title = "Model selection for neural network classification",
        Year = 2001,
    LJournal = "Journal of Classification",
     Journal = "J. Classif.",
      Volume = 18,
      Number = 2,
       Pages = "227--243",
    Keywords = "{B}ayesian inference; Neural networks",
}
@TechReport{Lee:Clyd:2003,
       Title = "Lossless Online {B}ayesian Bagging",
        Year = 2003,
      Author = "Herbert K. H. Lee and Merlise Clyde",
      Number = "02-03",
 Institution = isds,
}
@Article{Lewi:Raft:1997,
      Author = "Steven M. Lewis and Adrian E. Raftery",
       Title = "Estimating {B}ayes factors via posterior simulation with
                  the {L}aplace-{M}etropolis estimator", 
        Year = 1997,
     Journal = jasa,
      Volume = 92,
       Pages = "648--655",
    Keywords = "Theory and Methods; Markov chain Monte Carlo; Random
                  effect; World Fertility Survey; Compound
                  Laplace-Metropolis estimator; Integrated likelihood;
                  Marginal likelihood", 
}
@InProceedings{Lian:Barr:2002,
      Author = "Feng Liang and Andrew R. Barron",
       Title = "Exact minimax strategies for predictive density estimation,
                  data compression and model selection",
   BookTitle = "Information Theory, 2002",
   Publisher = "IEEE Press",
       Pages = 149,
        Year = 2002,
}
@Article{Lian:Barr:2003,
      Author = "Feng Liang and Andrew R. Barron",
       Title = "Exact minimax strategies for predictive density estimation,
                  data compression and model selection",
     Journal = ieeeit,
       Pages = "",
        Note = "To appear",
        Year = 2003,
}
@TechReport{Lian:Paul:Moli:Clyd:Berg:2003,
      Author = "Feng Liang and Rui Paulo and
                German Molina and Merlise Clyde and  James O. Berger",
       Title = "Gaussian Hyper-{G}eometric and other mixtures of  $g$-priors for
                {B}ayesian Variable Selection",
        Year = 2003,
 Institution = samsi,
}
@Article{Lian:Truo:Wong:2001,
      Author = "Feng Liang and Young K. Truong and Wing Hung Wong",
        Year = 2001,
       Title = "Automatic {B}ayesian model averaging for linear regression and
                applications in {B}ayesian curve fitting",
     Journal = statsin,
      Volume = 11,
       Pages = "1005--1029",
}
@Article{Lind:1968,
      Author = "Dennis V. Lindley",
       Title = "The choice of variables in multiple regression (with discussion)",
        Year = 1968,
     Journal = jrssb,
      Volume = 30,
       Pages = "31--66",
    Keywords = "Decision theory; Prediction and control",
}

@article{Kong:Liu:Wong:1994,
     jstor_articletype = {research-article},
     title = {Sequential Imputations and Bayesian Missing Data Problems},
     author = {Kong, Augustine and Liu, Jun S. and Wong, Wing Hung},
     journal = {Journal of the American Statistical Association},
     jstor_issuetitle = {},
     volume = {89},
     number = {425},
     jstor_formatteddate = {Mar., 1994},
     pages = {pp. 278-288},
     url = {http://www.jstor.org/stable/2291224},
     ISSN = {01621459},
     language = {English},
     year = {1994},
     publisher = {American Statistical Association},
     copyright = {Copyright © 1994 American Statistical Association},
    }

@Article{Liu:Wong:Kong:1994,
      Author = "Jun S. Liu and Wing Hung Wong and Augustine Kong",
       Title = "Covariance structure of the {G}ibbs sampler with
                  applications to the comparisons of estimators and
                  augmentation schemes", 
        Year = 1994,
     Journal = bka,
      Volume = 81,
       Pages = "27--40",
    Keywords = "Markov chain",
}
@Article{Liu:Wong:Kong:1995,
      Author = "Jun S. Liu and Wing Hung Wong and Augustine Kong",
       Title = "Covariance structure and convergence rate of the {G}ibbs
                  sampler with various scans", 
        Year = 1995,
     Journal = jrssb,
      Volume = 57,
       Pages = "157--169",
}
@inBOOK{Lore:Cher:2003,
    author = {{Loredo}, T.~J. and {Chernoff}, D.~F.},
    title = "{Bayesian adaptive exploration}",
publisher = {Statistical Challenges in Astronomy},
year = 2003,
    pages = {57-70},
   adsurl = {http://adsabs.harvard.edu/cgi-bin/nph-bib_query?bibcode=2003sca..book...57L&db_key=AST},
  adsnote = {Provided by the Smithsonian/NASA Astrophysics Data System}
}
@Article{Madi:Ande:Perl:Voli:1996,
      Author = "David Madigan and Steen A. Andersson and Michael D. Perlman
                  and Chris T. Volinsky",
       Title = "{B}ayesian model averaging and model selection for {M}arkov
                  equivalence classes of acyclic digraphs",
        Year = 1996,
     Journal = cisa,
      Volume = 25,
       Pages = "2493--2519",
    Keywords = "Markov chain Monte Carlo; Graphics",
}
@Article{Madi:Raft:1994,
      Author = "David Madigan and Adrian E. Raftery",
       Title = "Model selection and accounting for model uncertainty in
                  graphical models using {O}ccam's window",
        Year = 1994,
     Journal = jasa,
      Volume = 89,
       Pages = "1535--1546",
    Keywords = "{B}ayesian approach; Contingency table",
}
@Article{Madi:York:1995,
      Author = "David Madigan and Jeremy C. York, NY",
       Title = "{B}ayesian graphical models for discrete data",
        Year = 1995,
     Journal = isr,
      Volume = 63,
       Pages = "215--232",
    Keywords = "Markov chain Monte Carlo; Log-linear model; Double sampling",
}
@Article{Madi:York:1997,
      Author = "David Madigan and Jeremy C. York, NY",
       Title = "{B}ayesian methods for estimation of the size of a closed population",
        Year = 1997,
     Journal = bka,
      Volume = 84,
       Pages = "19--31",
    Keywords = "Capture-recapture; Contingency table; Log-linear model",
}
@Article{Mall:1973,
      Author = "Colin L. Mallows",
       Title = "Some comments on $C_p$",
        Year = 1973,
     Journal = tech,
      Volume = 15,
       Pages = "661--675",
    Keywords = "Linear regression; Ridge regression; Variable selection;
                  Total squared error; Subset selection",
}
@Article{Mall:1995,
      Author = "Colin L. Mallows",
       Title = "More comments on ${C}_p$",
        Year = 1995,
     Journal = tech,
      Volume = 37,
       Pages = "362--372",
    Keywords = "Regression; Subset selection",
}
@Article{Mall:2000,
      Author = "Colin L. Mallows",
       Title = "Some comments on $C_P$ ({R}eprint from 1973{V}15 p.\thinspace661--675)",
        Year = 2000,
     Journal = tech,
      Volume = 42,
      Number = 1,
       Pages = "87--94",
    Keywords = "Linear regression; Selection of variables; Ridge regression",
}
@article{Gelf:Smit:Lee:1992,
    author = {Gelfand, Alan E. and Smith, Adrian F. M. and Lee, Tai-Ming},
    title = {Bayesian analysis of constrained parameter and truncated data 
             problems using {G}ibbs sampling},
    year = {1992},
    journal = jasa,
    volume = {87},
    pages = {523--532}
}

@Article{Mall:Gelf:1994,
      Author = "Bani K. Mallick and Alan E. Gelfand",
       Title = "Generalized linear models with unknown link functions",
        Year = 1994,
     Journal = bka,
      Volume = 81,
       Pages = "237--245",
    Keywords = "{B}ayesian approach; Mixture of distributions",
}
@Article{Mall:Zhan:1993,
      Author = "St\'{e}phane G. Mallat and Zhifeng Zhang",
       Title = "Matching Pursuit with Time-Frequency Dictionaries",
     Journal = ieeesp,
      Volume = 41,
       Pages = "3397--3415",
        Year = 1993,
}
@Article{Marr:Spen:Pett:2001,
      Author = "John M. Marriott and Nancy M. Spencer and N. Pettitt",
       Title = "A {B}ayesian approach to selecting covariates for prediction",
        Year = 2001,
     Journal = sjs,
      Volume = 28,
      Number = 1,
       Pages = "87--97",
    Keywords = "Bayesian model choice; Cross validation; deletion
                  statistics; Linear regression",
}
@Article{Meng:Wong:1996,
      Author = "Xiao-Li Meng and Wing Hung Wong",
       Title = "Simulating ratios of normalizing constants via a simple
                  identity: {A} theoretical exploration",
        Year = 1996,
     Journal = statsin,
      Volume = 6,
       Pages = "831--860",
    Keywords = "{B}ayes factor; Likelihood ratio; Markov chain Monte Carlo",
}
@Article{Metr:Rose:Rose:Tell:1953,
      Author = "Nicholas C. Metropolis and Arianna W. Rosenbluth and
                Marshall N. Rosenbluth and Augusta H. Teller and Edward Teller",
        Year = 1953,
       Title = "Equations of state calculations by fast computing machines",
    LJournal = "Journal of Chemical Physics",
     Journal = "J. Chem. Phy.",
      Volume = 21,
       Pages = "1087--1091",
}
@Article{Meye:Laud:2002,
      Author = "Mary C. Meyer and Purushottam W. Laud",
       Title = "Predictive variable selection in generalized linear models",
        Year = 2002,
     Journal = jasa,
      Volume = 97,
      Number = 459,
       Pages = "859--871",
    Keywords = "Conjugate prior; Gibbs sampling; L CRITERION; Normal prior;
                  Predictive distribution", 
}
@Article{Mitc:Beau:1988,
      Author = "Toby J. Mitchell and John J. Beauchamp",
       Title = "{B}ayesian variable selection in linear regression
                (with discussion)",
        Year = 1988,
     Journal = jasa,
      Volume = 83,
       Pages = "1023--1032",
    Keywords = "Cross-validation; Subset selection",
}
@Article{Mitc:Beau:1988rep,
      Author = "Toby J. Mitchell and John J. Beauchamp",
       Title = "Reply to comments on ``{B}ayesian variable selection in
                  linear regression''",
        Year = 1988,
     Journal = jasa,
      Volume = 83,
       Pages = "1035--1036",
}
@InProceedings{Mitc:Beau:1986,
      Author = "Toby J. Mitchell and John J. Beauchamp",
       Title = "Algorithms for {B}ayesian variable selection in regression",
        Year = 1986,
   Booktitle = "Computer Science and Statistics: Proceedings of the 18th
                  Symposium on the Interface",
       Pages = "181--182",
}
@ARTICLE{Mukh:Park:Lidd:2006,
   author = {Mukherjee, P. and Parkinson, D. and Liddle, A.~R.},
    title = "{A Nested Sampling Algorithm for Cosmological Model Selection}",
  journal = apj,
     year = 2006,
    month = feb,
   volume = 638,
    pages = {L51-L54},
      doi = {10.1086/501068},
   adsurl = {http://adsabs.harvard.edu/cgi-bin/nph-bib_query?bibcode=2006ApJ...638L..51M&db_key=AST},
  adsnote = {Provided by the Smithsonian/NASA Astrophysics Data System}
}

@misc{Murr:MacK:Ghah:Skil:2006,
  author = "Iain Murray and David J.C. MacKay and Z. Ghahramani ahd J. Skilling",
  title = "Nested sampling for Potts models",
  url = "citeseer.ist.psu.edu/745739.html" 
}

@TechReport{Neal:1999,
author = "R. M. Neal", 
title = "Erroneous Results in ``Marginal Likelihood from the Gibbs Output''", 
institution = "University of Toronto", 
year = "1999",
month = "March", 
url = "ftp://ftp.cs.utoronto.ca/pub/radford/chib-letter.ps", 
email ="radford@stat.utoronto.ca", 
} 

@article{Newt:Raft:1994,
    author = {Newton, Michael A. and Raftery, Adrian E.},
    title = {Approximate {B}ayesian inference with the weighted likelihood bootstrap ({D}isc: p26-48)},
    year = {1994},
    journal = jrssb,
    volume = {56},
    pages = {3--26},
    keywords = {Posterior distribution; Maximum likelihood}
}



@Article{Ntzo:Dell:Fors:2003,
      Author = "Ioannis Ntzoufras and Petros Dellaportas and Jonathan J. Forster",
       Title = "{B}ayesian variable and link determination for generalised
                  linear models", 
        Year = 2003,
     Journal = jspi,
      Volume = 111,
      Number = "1-2",
       Pages = "165--180"
}
@Article{Ntzo:Fors:Dell:2000,
      Author = "Ioannis Ntzoufras and Jonathan J. Forster and Petros Dellaportas",
       Title = "Stochastic search variable selection for log-linear models",
        Year = 2000,
     Journal = jscs,
      Volume = 68,
      Number = 1,
       Pages = "23--37",
    Keywords = "{B}ayesian analysis; Contingency table; Gibbs sampling;
                  Markov chain Monte Carlo",
}
@Article{Ogat:1989,
  author =       "Yosihiko Ogata",
  title =        "A {Monte Carlo} method for high-dimensional
                 integration",
  journal =      {Numer. Math.},
  volume =       "55",
  number =       "2",
  pages =        "137--157",
  month =        may,
  year =         "1989",
  CODEN =        "NUMMA7",
  ISSN =         "0029-599X (print), 0945-3245 (electronic)",
  MRclass =      "65C05 (65D30)",
  MRnumber =     "90c:65009",
  bibdate =      "Mon May 26 11:49:34 MDT 1997",
  acknowledgement = ack-nhfb,
  classification = "B0240G (Monte Carlo methods); B0290R (Integral
                 equations); C1140G (Monte Carlo methods); C4180
                 (Integral equations)",
  corpsource =   "Inst. of Stat. Math., Tokyo, Japan",
  keywords =     "1-dimensional integration; high dimensional
                 integration; integral equations; Monte Carlo method;
                 Monte Carlo methods; numerical integration; scale
                 parameter; statistical function",
  treatment =    "T Theoretical or Mathematical",
}

@article{Oh:Berg:1992,
    author = {Oh, Man-Suk and Berger, James O.},
    title = {Adaptive importance sampling in {M}onte {C}arlo integration},
    year = {1992},
    journal = {Journal of Statistical Computation and Simulation},
    volume = {41},
    pages = {143--168}
}

@article{Oh:Berg:1993,
     jstor_articletype = {research-article},
     title = {Integration of Multimodal Functions by Monte Carlo Importance Sampling},
     author = {Oh, Man-Suk and Berger, James O.},
     journal = {Journal of the American Statistical Association},
     jstor_issuetitle = {},
     volume = {88},
     number = {422},
     jstor_formatteddate = {Jun., 1993},
     pages = {pp. 450-456},
     url = {http://www.jstor.org/stable/2290324},
     ISSN = {01621459},
     language = {English},
     year = {1993},
     publisher = {American Statistical Association},
     copyright = {Copyright © 1993 American Statistical Association},
    }

@Article{O'Ha:1995,
      Author = "Anthony O'Hagan",
       Title = "Fractional {B}ayes factors for model comparison (with discussion)",
        Year = 1995,
     Journal = jrssb,
      Volume = 57,
       Pages = "99--118",
    Keywords = "Robustness",
}
@InProceedings{Paas:Kind:1997,
      Author = "Gerhard Paass and J\^^borg Kindermann",
        Year = 1997,
       Title = "Describing the uncertainty of {B}ayesian predictions by using
                ensembles of models and its application",
   Booktitle = "1997 Real World Computing Symposium",
   Publisher = "Real World Computing Partnership, Tsukuba Research Center",
     Address = "Tsukuba, JP",
       Pages = "118--125",
}
@Article{Paig:Butl:2001,
      Author = "Robert L. Paige and Ronald W. Butler",
       Title = "{B}ayesian inference in neural networks",
        Year = 2001,
     Journal = bka,
      Volume = 88,
      Number = 3,
       Pages = "623--641",
    Keywords = "{B}ayesian computation; Laplace approximation; Model
                  choice; Neural network; prediction", 
}
@Article{Paul:1998,
      Author = "Donna K. Pauler",
       Title = "The {S}chwarz criterion and related methods for normal
                  linear models",
        Year = 1998,
     Journal = bka,
      Volume = 85,
       Pages = "13--27",
    Keywords = "{B}ayes factor; Mixed model; {B}ayesian information criterion",
}
@Article{Paul:Wake:Kass:1999,
      Author = "Donna K. Pauler and Jonathan C. Wakefield and Robert E. Kass",
       Title = "{B}ayes factors and approximations for variance component models",
        Year = 1999,
     Journal = jasa,
      Volume = 94,
       Pages = "1242--1253",
    Keywords = "Theory and Methods; Importance sampling; Reference prior;
                  {B}ayesian information criterion; Boundary problem;
                  Laplace's method; Rejection method; Schwarz criterion",
}
@PhDThesis{Peng:1998,
      Author = "Liang Peng",
        Year = 1998,
       Title = "Normalizing constant estimation for discrete distribution
                simulation",
      School = "University of Texas Department of MSIS",
     Address = "Austin, TX",
}
@TechReport{Pere:Berg:2000,
      Author = "Jos\'e M. P\'erez and James O. Berger",
       Title = "Expected posterior prior distributions for model selection",
        Year = 2000,
 Institution = isds,
      Number = "00-08"
}
@Article{Pere:Berg:2002,
      Author = "Jos\'e M. P\'erez and James O. Berger",
       Title = "Expected posterior prior distributions for model selection",
     Journal = bka,
        Year = 2002,
      Volume = 89,
       Pages = "491--512"
}
@Article{Pett:Smit:1983,
      Author = "Laurence I. Pettit and Adrian F. M. Smith",
       Title = "{B}ayesian model comparisons in the presence of outliers
                  ({STMA} {V}25 976)",
        Year = 1983,
     Journal = bisi,
      Volume = 50,
       Pages = "292--306",
}
@InProceedings{Pett:Smit:1985,
      Author = "Laurence I. Pettit and Adrian F. M. Smith",
       Title = "Outliers and influential observations in linear models",
        Year = 1985,
    CrossRef = {bayes2:1985},
       Pages = "473--494",
    Keywords = "Sensitivity analysis",
}
@InProceedings{Phil:Smit:1996,
      Author = "D. B. Phillips and Adrian F. M. Smith",
        Year = 1996,
       Title = "{B}ayesian model comparison via jump diffusions",
   BookTitle = "Practical Markov Chain Monte Carlo in Practice",
     Editors = "Walter R. Gilks and Sylvia Richardson and David J. Spiegelhalter",
       Pages = "215--239",
   Publisher = chap,
     Address = "New York, NY",
}
@Article{Raft:1986,
      Author = "Adrian E. Raftery",
       Title = "A note on {B}ayes factors for log-linear contingency table
                  models with vague prior information", 
        Year = 1986,
     Journal = jrssb,
      Volume = 48,
       Pages = "249--250",
    Keywords = "Jeffreys prior",
}
@Article{Raft:1996,
      Author = "Adrian E. Raftery",
       Title = "Approximate {B}ayes factors and accounting for model
                  uncertainty in generalised linear models",
        Year = 1996,
     Journal = bka,
      Volume = 83,
       Pages = "251--266",
    Keywords = "Log-linear model; Overdispersion; Reference prior",
}
@Article{Raft:Madi:Hoet:1997,
      Author = "Adrian E. Raftery and David Madigan and Jennifer A. Hoeting",
       Title = "{B}ayesian model averaging for linear regression models",
        Year = 1997,
     Journal = jasa,
      Volume = 92,
       Pages = "179--191",
    Keywords = "Theory and Methods; {B}ayes factor; Markov chain Monte
                  Carlo; Model uncertainty; Occam's window; Posterior model
                  probability", 
}
@InProceedings{Raft:Madi:Voli:1996,
      Author = "Adrian E. Raftery and David Madigan and Chris T. Volinsky",
       Title = "Accounting for model uncertainty in survival analysis
                  improves predictive performance",
        Year = 1996,
    CrossRef = {bayes5:1996},
       Pages = "323--349",
    Keywords = "{B}ayes factor; Cox regression; Exponential regression;
                  Model selection",
}
@InProceedings{Raft:Rich:1996,
      Author = "Adrian E. Raftery and Sylvia Richardson",
        Year = 1996,
       Title = "Model selection for generalized linear models via GLIB:
                application to nutrition and breast cancer",
   Booktitle = "{B}ayesian Biostatistics",
      Editor = "Donald A. Berry and Dalene K. Stangl",
   Publisher = "Marcel Dekker",
     Address = "New York, NY",
       Pages = "321--353",
}

@article{Ragh:Cox:1998,
    author = {Raghavan, Nandini and Cox, Dennis D.},
    title = {Adaptive mixture importance sampling},
    year = {1998},
    journal = {Journal of Statistical Computation and Simulation},
    volume = {60},
    pages = {237--259},
    keywords = {Mixture of distributions; Bayesian inference; Nonparametric inference}
}



@Article{Rao:Wu:1989,
      Author = "C. Radhakrishna Rao and Yuehua Wu",
       Title = "A strongly consistent procedure for model selection in a
                  regression problem",
        Year = 1989,
     Journal = bka,
      Volume = 76,
       Pages = "369--374",
    Keywords = "Variable selection; Akaike's information criterion",
}
@Article{Ridg:2002,
      Author = "Greg Ridgeway",
       Title = "Looking for lumps: {B}oosting and bagging for density estimation",
        Year = 2002,
     Journal = csda,
      Volume = 38,
      Number = 4,
       Pages = "379--392",
    Keywords = "data mining; Curve estimation; discovering non-linear relationships",
}
@Article{Riss:1978,
      Author = "Jorma Rissanen",
        Year = 1978,
       Title = "Modeling by shortest data description",
     Journal = "Automatica",
      Volume = 14,
       Pages = "465--471",
}
@InProceedings{Riss:1985,
      Author = "Jorma Rissanen",
       Title = "Minimum-description-length principle",
        Year = 1985,
   Booktitle = "Encyclopedia of Statistical Sciences (9 vols. plus
                  Supplement), Volume 5", 
       Pages = "523--527",
}
@Article{Riss:1986,
      Author = "Jorma Rissanen",
       Title = "Stochastic complexity and modeling",
     Journal = aos,
      Volume = 14,
        Year = 1986,
       Pages = "1080--1100",
}
@Article{Rove:2002,
      Author = "Alberto Roverato",
       Title = "Hyper inverse {W}ishartdistribution for non-decomposable
                graphs and its application to {B}ayesian inference for {G}aussian
                graphical models",
        Year = 2002,
     Journal = sjs,
       Pages = "391--411",
      Volume = 29
}
@Article{Rove:2000,
      Author = "Alberto Roverato",
       Title = "Cholesky decomposition of a hyper inverse {W}ishart matrix",
        Year = 2000,
     Journal = bka,
      Volume = 87,
      Number = 1,
       Pages = "99--112",
    Keywords = "Conjugate distribution; Covariance selection model;
                  decomposable graph; hyper-Markov distribution; strong
                  hyper-Markov property",
}
@Article{SanM:Spez:1984,
      Author = "San Martini, A. and Fulvio Spezzaferri",
       Title = "A predictive model selection criterion",
        Year = 1984,
     Journal = jrssb,
      Volume = 46,
       Pages = "296--303",
    Keywords = "Predictive distribution; Nested linear model; Odds ratio",
}


@TechReport{Sata:Newt:Raft:2000,
  author = 	 {J. Satagopan and M. Newton and A. Raftery},
  title = 	 {Easy estimation of normalizing constant and {B}ayes factors from posterior simulation: Stabilizing the harmonic mean estimator},
  institution =  {University of Washington},
  year = 	 {2000},
  OPTkey = 	 {},
  type = 	 {Technical Report},
UUurl = {citeseer.ist.psu.edu/satagopan00easy.html},
  OPTnumber = 	 {},
  OPTaddress = 	 {},
  OPTmonth = 	 {},
  OPTnote = 	 {},
  OPTannote = 	 {}
}

@Article{Schw:1978,
      Author = "Gideon Schwarz",
       Title = "Estimating the Dimension of a Model",
     Journal = aos,
        Year = 1978,
      Volume = 6,
       Pages = "461--464",
}
@Article{Sell:Baya:Berg:2001,
      Author = "Thomas Sellke and Maria Jesus Bayarri and James O. Berger",
       Title = "Calibration of $P$ values for testing precise null
                hypotheses",
        Year = 2001,
     Journal = jrssd,
      Volume = 55,
      Number = 1,
       Pages = "62--71",
    Keywords = "{B}ayes factors; {B}ayesian robustness; CONDITIONAL
                FREQUENTIST ERROR PROBABILITIES; odds",
}
@Article{Shao:1993,
      Author = "Jun Shao",
       Title = "Linear model selection by cross-validation",
        Year = 1993,
     Journal = jasa,
      Volume = 88,
       Pages = "486--494",
    Keywords = "Consistency",
}
@Article{Shao:1996,
      Author = "Jun Shao",
       Title = "Bootstrap model selection",
        Year = 1996,
     Journal = jasa,
      Volume = 91,
       Pages = "655--665",
    Keywords = "Theory and Methods; Time series; Bootstrap; Generalized
                  linear model; Nonlinear regression; Prediction error;
                  Autoregressive time series; Bootstrap sample size",
}
@Article{Shao:1997a,
      Author = "Jun Shao",
       Title = "An asymptotic theory for linear model selection (with discussion)",
        Year = 1997,
     Journal = statsin,
      Volume = 7,
       Pages = "221--242",
}
@Article{Shao:1997b,
      Author = "Jun Shao",
       Title = "Reply to comments on ``{A}n asymptotic theory for linear
                  model selection''", 
        Year = 1997,
     Journal = statsin,
      Volume = 7,
       Pages = "259--264",
}
@Article{Shao:1998,
      Author = "Jun Shao",
       Title = "Convergence rates of the generalized information criterion",
        Year = 1998,
     Journal = jnps,
      Volume = 9,
       Pages = "217--225",
    Keywords = "Model selection; Variable selection",
}
@Article{Shao:Rao:2000,
      Author = "Jun Shao and J. Sunil Rao",
       Title = "The {GIC} for model selection: {A} hypothesis testing approach",
        Year = 2000,
     Journal = jspi,
      Volume = 88,
      Number = 2,
       Pages = "215--231",
    Keywords = "information criteria; Linear regression; Prediction error",
}
@Article{Shi:etal:2000,
      Author = "Leming M. Shi and Hong Fang and Weida Tong and Jie Wu and
                  Roger Perkins and Robert M. Blair and William S. Branham
                  and Stacy L. Dial and Carrie L. Moland and Daniel M. Sheehan",
       Title = "{QSAR} Models Using a Large Diverse Set of Estrogens",
        Year = 2000,
    LJournal = "Journal of Chemical Information and Computer Sciences",
     Journal = "J. Chem. Inf. Comp. Sci.",
      Volume = 41,
       Pages = "186--195"
}
@Article{Shib:1981,
      Author = "Ritei Shibata",
       Title = "An optimal selection of regression variables ({C}orr: {V}69 p.\thinspace492)",
        Year = 1981,
     Journal = bka,
      Volume = 68,
       Pages = "45--54",
    Keywords = "AIC; $C_p$ statistic",
}
@Article{Shiv:Kohn:1997,
      Author = "Thomas S. Shively and Robert Kohn",
       Title = "A {B}ayesian approach to model selection in stochastic
                  coefficient regression models and structural time series
                  models", 
        Year = 1997,
     Journal = jecon,
      Volume = 76,
       Pages = "39--52",
    Keywords = "State-space model",
}
@Article{Silv:1985,
      Author = "Bernard W. Silverman",
       Title = "Some aspects of the spline smoothing approach to
                non-parametric curve fitting",
     Journal = jrssb,
      Volume = 47,
      Number = 1,
       Pages = "1--52",
        Year = 1985,
}

@Article{Siss:2005,
  author = {Scott A. Sisson},
  title =  {Transdimensional Markov Chains:{A} Decade of Progress and Future Perspectives},
  journal =  jasa,
  year =  {2005},
 volume =  {100},
  number =  {471},
  pages =  {1077--1089},
  OPTmonth = 	 {},
  OPTnote = 	 {},
  OPTannote = 	 {}
}


@InProceedings{Skil:2006,
  title = 	 {Nested Sampling for Bayesian Computation},
  year = 	 {2006},
  author = {John Skilling},
  CrossRef = {bayes8:2006},
  OPTeditor = 	 {},
  OPTvolume = 	 {},
  OPTnumber = 	 {},
  OPTseries = 	 {},
  OPTaddress = 	 {},
  OPTmonth = 	 {},
  OPTorganization = {},
  publisher = oup,
  OPTnote = 	 {},
  OPTannote = 	 {}
}

@Article{Smit:Kohn:1996,
      Author = "Michael Smith and Robert Kohn",
       Title = "Nonparametric regression using {B}ayesian variable selection",
        Year = 1996,
     Journal = jecon,
      Volume = 75,
       Pages = "317--343",
    Keywords = "Power transformation; Gibbs sampler; Robust estimation",
}
@Article{Smit:Kohn:1997,
      Author = "Michael Smith and Robert Kohn",
       Title = "A {B}ayesian approach to nonparametric bivariate regression",
        Year = 1997,
     Journal = jasa,
      Volume = 92,
       Pages = "1522--1535",
    Keywords = "Theory and Methods; {B}ayesian subset selection; Gibbs
                  sampler; Markov chain Monte Carlo; Robust regression;
                  Time series; Surface estimation", 
}
@Article{Smit:Kohn:2000,
      Author = "Michael Smith and Robert Kohn",
       Title = "Nonparametric seemingly unrelated regression",
        Year = 2000,
     Journal = jecon,
      Volume = 98,
       Pages = "257--281",
}
@Article{Smit:Kohn:2002,
      Author = "Michael Smith and Robert Kohn",
       Title = "Parsimonious covariance matrix estimation for longitudinal data",
        Year = 2002,
     Journal = jasa,
      Volume = 97,
      Number = 460,
       Pages = "1141--1153",
    Keywords = "{B}ayesian model; Cholesky decomposition; HIGH-DIMENSIONAL
                  COVARIANCE MATRIX; Markov chain Monte Carlo; Model;
                  Averaging", 
}
@Article{Shiv:Kohn:Wood:1999,
      Author = "Thomas S. Shively and Robert Kohn and Sally Wood",
       Title = "Variable selection and function estimation in additive
                nonparametric regression using a data-based prior (with discussion)",
        Year = 1999,
     Journal = jasa,
      Volume = 94,
       Pages = "777--794",
    Keywords = "Theory and Methods; {B}ayesian information criterion;
                  Binary regression; Time series; Gaussian errors; Model
                  averaging; Posterior probabilities", 
}
@Article{Smit:Robe:1993,
      Author = "Adrian F. M. Smith and Gareth O. Roberts",
       Title = "{B}ayesian computation via the {G}ibbs sampler and
                related {M}arkov chain {M}onte {C}arlo methods (with discussion)",
        Year = 1993,
     Journal = jrssb,
      Volume = 55,
       Pages = "3--23",
}
@Article{Smit:Spie:1980,
      Author = "Adrian F. M. Smith and David J. Spiegelhalter",
       Title = "{B}ayes factors and choice criteria for linear models",
        Year = 1980,
     Journal = jrssb,
      Volume = 42,
       Pages = "213--220",
    Keywords = "AIC",
}
@Article{Smit:Wong:Kohn:1998,
      Author = "Michael Smith and Chi-Ming Wong and Robert Kohn",
       Title = "Additive nonparametric regression with autocorrelated errors",
        Year = 1998,
     Journal = jrssb,
      Volume = 60,
       Pages = "311--331",
    Keywords = "{B}ayesian analysis; Markov chain Monte Carlo; Regression
                  spline; Subset selection",
}
@Article{Spie:Best:Carl:van:2002,
      Author = "David J. Spiegelhalter and Nicola G. Best and Bradley
                  P. Carlin and van der Linde, Angelika",
       Title = "{B}ayesian measures of model complexity and fit ({P}kg: p.\thinspace583--639)",
        Year = 2002,
     Journal = jrssb,
      Volume = 64,
      Number = 4,
       Pages = "583--616",
    Keywords = "BAYESIAN MODEL COMPARISON; Decision theory; deviance
                  information criterion; effective number of parameters;
                  hierarchical models; Information theory; Leverage; Markov
                  chain Monte Carlo methods; model dimension",
}
@Article{Spie:Smit:1982,
      Author = "David J. Spiegelhalter and Adrian F. M. Smith",
       Title = "{B}ayes factors for linear and loglinear models with vague
                  prior information", 
        Year = 1982,
     Journal = jrssb,
      Volume = 44,
       Pages = "377--387",
    Keywords = "ANOVA; Regression; Contingency table",
}
@Article{Stew:1987,
      Author = "Leland Stewart",
       Title = "Hierarchical {B}ayesian Analysis Using {M}onte {C}arlo
                  Integration: {C}omputing Posterior Distributions When
                  There are Many Possible Models",
        Year = 1987,
     Journal = jrssd,
      Volume = 36,
      Number = "2/3",
       Pages = "211--219",
}
@Article{Stew:Davi:1986,
       Title = "{B}ayesian Posterior Distributions Over Sets of Possible Models
                with Inferences Computed by Monte Carlo Integration",
        Year = 1986,
      Author = "Leland Stewart and William W. Davis",
     Journal = jrssd,
      Volume = 35,
       Pages = "175--182",
}
@Article{Ston:1977,
      Author = "Mervyn Stone",
       Title = "An asymptotic equivalence of choice of model by
                  cross-validation and {A}kaike's criterion", 
        Year = 1977,
     Journal = jrssb,
      Volume = 39,
       Pages = "44--47",
}
@Article{Ston:1979,
      Author = "Mervyn Stone",
       Title = "Comments on model selection criteria of {A}kaike and {S}chwarz",
        Year = 1979,
     Journal = jrssb,
      Volume = 41,
       Pages = "276--278",
    Keywords = "Asymptotics; Exponential family",
}
@Article{Stra:1971,
      Author = "William E. Strawderman",
       Title = "Proper {B}ayes minimax estimators of the multivariate normal mean",
        Year = 1971,
     Journal = aoms,
      Volume = 42,
       Pages = "385--388",
}
@Article{Stra:1973,
      Author = "William E. Strawderman",
       Title = "Proper {B}ayes minimax estimators of the multivariate
                  normal mean vector for the case of common unknown
                  variances", 
        Year = 1973,
     Journal = aos,
      Volume = 1,
       Pages = "1189--1194",
}
@Article{Tibs:1996,
      Author = "Robert Tibshirani",
       Title = "Regression shrinkage and selection via the lasso",
        Year = 1996,
     Journal = jrssb,
      Volume = 58,
       Pages = "267--288",
    Keywords = "Subset selection",
}
@Article{Tier:Kass:Kada:1989,
      Author = "Luke Tierney and Robert E. Kass and Joseph B. Kadane",
       Title = "Fully exponential {L}aplace approximations to expectations
                  and variances of nonpositive functions", 
        Year = 1989,
     Journal = jasa,
      Volume = 84,
       Pages = "710--716",
    Keywords = "Asymptotic expansion",
}
@Article{Tibs:Knig:1999a,
      Author = "Robert Tibshirani and Keith Knight",
       Title = "Model search by bootstrap ``bumping''",
        Year = 1999,
     Journal = jcgs,
      Volume = 8,
       Pages = "671--686",
    Keywords = "Confidence set; Regression; Classification; Density
                  estimation; Bootstrap; Resistant fitting; Stochastic
                  search", 
}
@Article{Tibs:Knig:1999b,
      Author = "Robert Tibshirani and Keith Knight",
       Title = "The covariance inflation criterion for adaptive model selection",
        Year = 1999,
     Journal = jrssb,
      Volume = 61,
       Pages = "529--546",
    Keywords = "prediction; Bootstrap; Cross-validation",
}
@Article{Tier:1994,
      Author = "Luke Tierney",
       Title = "Markov chains for exploring posterior distributions
                (with discussion)",
        Year = 1994,
     Journal = aos,
      Volume = 22,
       Pages = "1701--1728",
    Keywords = "Metropolis algorithm; Gibbs sampler",
}
@InProceedings{Tier:1997,
      Author = "Luke Tierney",
       Title = "Markov chain {M}onte {C}arlo algorithms",
        Year = 1997,
   Booktitle = "Encyclopedia of Statistical Sciences",
       Pages = "392--399",
    Keywords = "{B}ayesian inference; computer-intensive statistical
                  methods; Gibbs sampling; Markov processes",
}
@Article{Tier:Kada:1986,
      Author = "Luke Tierney and Joseph B. Kadane",
       Title = "Accurate Approximations for Posterior Moments and Marginal
                  Densities",
     Journal = jasa,
        Year = 1986,
      Volume = 81,
       Pages = "82--86",
}
@Article{Thom:1978,
      Author = "Mary Lou Thompson",
        Year = 1978,
       Title = "Selection of variables in multiple regression: Part I. A review
                and Evaluation",
     Journal = isr,
      Volume = 46,
       Pages = "1--19",
}
@article{Tipp:2001,
author={Tipping, Michael E.},
title={Sparse Bayesian Learning and the Relevance Vector Machine},
journal={Journal of Machine Learning Research},
Volume=1,
pages={211--244},
year=2001
}
@Article{Trot:Spez:2002,
      Author = "Mario Trottini and Fulvio Spezzaferri",
       Title = "A generalized predictive criterion for model selection",
        Year = 2002,
     Journal = cjs,
      Volume = 30,
      Number = 1,
       Pages = "79--96",
    Keywords = "Loss function; $\alpha$-divergences; decision
                  theory--{B}ayesian approach", 
}
@InProceedings{Trou:Gods:1997,
      Author = "Paul T. Troughton and Simon J. Godsill",
        Year = 1997,
       Title = "{B}ayesian model selection for time series using Markov Chain Monte
                Carlo",
   Booktitle = "Proc. IEEE International Conference on Acoustics,
                Speech and Signal Processing",
}
@Article{Vann:Brow:Fear:2003,
      Author = "Marina Vannucci and Philip J. Brown and Tom Fearn",
       Title = "A decision theoretical approach to wavelet regression on
                  curves with a high number of regressors", 
        Year = 2003,
     Journal = jspi,
      Volume = 112,
      Number = "1-2",
       Pages = "195--212",
}
@Article{Verd:Wass:1995,
      Author = "Isabella Verdinelli and Larry Wasserman",
       Title = "Computing {B}ayes factors using a generalization of the
                  {S}avage-{D}ickey density ratio", 
        Year = 1995,
     Journal = jasa,
      Volume = 90,
       Pages = "614--618",
    Keywords = "Markov chain Monte Carlo",
}
@InProceedings{Verd:Wass:1996,
      Author = "Isabella Verdinelli and Larry Wasserman",
       Title = "{B}ayes factors, nuisance parameters and imprecise tests",
        Year = 1996,
    CrossRef = {bayes5:1996},
       Pages = "765--771",
    Keywords = "Hypothesis testing",
}

@book{Vida:1999,
    author = {Vidakovic, Brani},
    title = {Statistical modeling by wavelets},
    year = {1999},
    pages = {382},
    publisher = {John Wiley & Sons}
}

@Article{Vial:Raft:Rich:2001,
      Author = "Valerie Viallefont and Adrian E. Raftery and Sylvia Richardson",
       Title = "Variable selection and {B}ayesian model averaging in
                  case-control studies",
        Year = 2001,
     Journal = statmed,
      Volume = 20,
      Number = 21,
       Pages = "3215--3230",
}
@Article{Vlac:Gelf:2003,
      Author = "Pantelis K. Vlachos and Alan E. Gelfand",
       Title = "On the calibration of {B}ayesian model choice criteria",
        Year = 2003,
     Journal = jspi,
      Volume = 111,
      Number = "1-2",
       Pages = "223--234"
}
@Article{Voli:Madi:Raft:Kron:1997,
      Author = "Chris T. Volinsky and David Madigan and Adrian E. Raftery
                  and Richard A. Kronmal",
       Title = "{B}ayesian model averaging in proportional hazard models:
                  {A}ssessing the risk of a stroke",
        Year = 1997,
     Journal = jrssc,
      Volume = 46,
       Pages = "433--448",
    Keywords = "Variable selection",
}
@Article{Voli:Raft:2000,
      Author = "Chris T. Volinsky and Adrian E. Raftery",
       Title = "{B}ayesian information criterion for censored survival models",
        Year = 2000,
     Journal = bio,
      Volume = 56,
      Number = 1,
       Pages = "256--262",
    Keywords = "{B}ayes factor; Cox proportional hazards model; Exponential
                  distribution; Partial likelihood; Variable selection",
}
@Article{Wake:Benn:1996,
      Author = "Jonathan C. Wakefield and James Bennett",
       Title = "The {B}ayesian modeling of covariates for population
                  pharmacokinetic models",
        Year = 1996,
     Journal = jasa,
      Volume = 91,
       Pages = "917--927",
    Keywords = "Applications and Case Studies; Markov chain Monte Carlo;
                  Clinical significance; Covariate selection; Dosage
                  determination; Prior information",
}
@PhDthesis{Wang:2002,
      Author = "Xinlei Wang",
        Year = 2002,
       Title = "{B}ayesian Variable Selection for Generalized Linear
                Models",
      School = "University of Texas Department of MSIS",
}
@Article{Wass:2000,
      Author = "Larry Wasserman",
       Title = "{B}ayesian model selection and model averaging",
        Year = 2000,
    LJournal = "Journal of Mathematical Psychology",
     Journal = "J. Math. Psychol.",
      Volume = 44,
      Number = 1,
       Pages = "92--107",
    Keywords = "AIC; BIC; Markov chain Monte Carlo; MCMC; Akaike
                  information criterion; Schwarz information criterion;
                  {B}ayesian information criterion",
}
@Article{Wei:1992,
      Author = "Ching-Zong Wei",
       Title = "On predictive least squares principles",
        Year = 1992,
     Journal = aos,
      Volume = 20,
       Pages = "1--42",
    Keywords = "{B}ayesian information criterion; Model selection; Regression",
}
@Article{Werm:1980,
      Author = "Nanny Wermuth",
       Title = "Linear recursive equations, covariance selection, and path analysis",
        Year = 1980,
     Journal = jasa,
      Volume = 75,
       Pages = "963--972",
}
@InProceedings{West:1985,
      Author = "Mike West",
       Title = "Generalized linear models: {S}cale parameters, outlier
                  accommodation and prior distributions", 
        Year = 1985,
    CrossRef = {bayes2:1985},
       Pages = "531--557",
    Keywords = "Exponential family; Goodness-of-fit; Influence function;
                  Nonlinear regression; Mixture model",
}
@article{West:1993,
    author = {West, Mike},
    title = {Approximating posterior distributions by mixtures},
    year = {1993},
    journal = jrssb,
    volume = {55},
    pages = {409--422},
    keywords = {Importance sampling; Density estimation}
}

@InCollection{West:2003,
      Author = "Mike West",
       Title = "Bayesian factor regression models in the Large $p$, Small
                  $n$ paradigm",
    CrossRef = {bayes7:2003},
       Pages = "733--742",
        Year = 2003,
}
@Article{Wolf:Gods:Ng:2004,
      Author = "Patrick J. Wolfe and Simon J. Godsill and Wee-Jing Ng",
       Title = "Bayesian variable selection and regularisation for
                  time-frequency surface estimation",
        Year = 2004,
     Journal = jrssb,
}

@Misc{Wolp:2002,
  OPTkey = 	 {},
  author = 	 {R.L. Wolpert},
  title = 	 {Stable Limit Laws for Marginal Probabilities from MCMC Streams: Acceleration of Convergence}, 
  Institution={ISDS, Duke University},
  OPThowpublished = {},
  OPTmonth = 	 {},
  year = 	 {2002},
  note = 	 {\url{http://www.stat.duke.edu/courses/Spring02/sta205/mcbf.pdf}}, 
  OPTannote = 	 {}
}

@Article{Wong:Cart:Kohn:2003,
      Author = "Frederick Wong and Chris Carter and Robert Kohn",
       Title = "Efficient estimation of covariance selection models",
        Year = 2003,
     Journal = bka,
      Volume = 90,
      Number = 4,
       Month = dec,
       Pages = "809--830",
}
@Article{Wood:Kohn:1998,
      Author = "Sally Wood and Robert Kohn",
       Title = "A {B}ayesian approach to robust binary nonparametric regression",
        Year = 1998,
     Journal = jasa,
      Volume = 93,
       Pages = "203--213",
    Keywords = "Theory and Methods; Data augmentation; Gibbs sampler;
                  State-space model; Mixture of normals",
}
@Article{Wood:Kohn:Shiv:Jian:2002,
      Author = "Sally Wood and Robert Kohn and Tom Shively and Wenxin Jiang",
       Title = "Model selection in spline nonparametric regression",
        Year = 2002,
     Journal = jrssb,
      Volume = 64,
      Number = 1,
       Pages = "119--139",
    Keywords = "{B}ayesian analysis; {B}ayesian information criterion;
                  Binary regression; Gibbs sampler; Thin plate splines;
                  Variable selection",
}
@InProceedings{Zell:1984,
      Author = "Arnold Zellner",
       Title = "Posterior Odds Ratios for Regression Hypotheses:
                {G}eneral considerations and some specific results",
   Booktitle = "Basic Issues in Econometrics",
      Editor = "Arnold Zellner",
        Year = 1984,
       Pages = "275--305",
   Publisher = "Univ. of Chicago Press",
     Address = "Chicago, IL",
}
@InProceedings{Zell:1986,
      Author = "Arnold Zellner",
       Title = "On Assessing Prior Distributions and {B}ayesian Regression
                Analysis With $g$-prior Distributions",
        Year = 1986,
   Booktitle = "{B}ayesian Inference and Decision Techniques: {E}ssays in
                Honor of {B}runo de {F}inetti",
   Publisher = "North-Holland/Elsevier",
     Address = "Amsterdam, NL",
       Pages = "233--243",
}
@Article{Zhan:1992,
      Author = "Ping Zhang",
       Title = "Inference after variable selection in linear regression models",
        Year = 1992,
     Journal = bka,
      Volume = 79,
       Pages = "741--746",
    Keywords = "Prediction error",
}
@Article{Zhan:1993,
      Author = "Ping Zhang",
       Title = "Model selection via multifold cross validation",
        Year = 1993,
     Journal = aos,
      Volume = 21,
       Pages = "299--313",
    Keywords = "Variable selection",
}
@Article{Zhen:Loh:1995,
      Author = "Xiaodong Zheng and Wei-Yin Loh",
       Title = "Consistent variable selection in linear models",
        Year = 1995,
     Journal = jasa,
      Volume = 90,
       Pages = "151--156",
    Keywords = "Penalty function; Sub-Gaussian distribution",
}
@Article{Zhen:Loh:1997,
      Author = "Xiaodong Zheng and Wei-Yin Loh",
       Title = "A consistent variable selection criterion for linear models
                  with high-dimensional covariates",
        Year = 1997,
     Journal = statsin,
      Volume = 7,
       Pages = "311--326",
}
@InProceedings{Zell:Siow:1980,
      Author = "Arnold Zellner and Aloysius Siow",
       Title = "Posterior odds ratios for selected regression hypotheses",
        Year = 1980,
    CrossRef = {bayes1:1980},
       Pages = "585--603",
}

@article{Owen:Zhou:2000,
    author = {Owen, Art and Zhou, Yi},
    title = {Safe and effective importance sampling},
    year = {2000},
    journal = jasa,
    volume = {95},
    number = {449},
    pages = {135--143},
    keywords = {Control variates; Monte Carlo; rare events; Reliability; value at risk; Variance reduction}
}
@String {BookWarning = "Books come after this line, so xref will work"
}
@Book{Abra:Steg:1970,
      Author = "Milton Abramowitz and Irene A. Stegun",
       Title = "Handbook of Mathematical Functions",
        Year = 1970,
   Publisher = "Dover",
     Address = "New York, NY",
}


@Book{bayes1:1980,
   Booktitle = "Bayesian Statistics",
       Title = "Bayesian Statistics",
      Editor = "Jos{\'e} Miguel Bernardo and Morris H. De{G}root and
                Dennis V. Lindley and Adrian F.M. Smith",
   Publisher = "University Press",
     Address = "Valencia, ES",
        ISBN = "0-444-87746-0",
        Year = 1980,
}
@Book{bayes2:1985,
   Booktitle = "Bayesian Statistics 2",
       Title = "Bayesian Statistics 2",
      Editor = "Jos{\'e} Miguel Bernardo and Morris H. De{G}root and
                Dennis V. Lindley and Adrian F.M. Smith",
   Publisher = "North-Holland",
     Address = "Amsterdam, NL",
        ISBN = "0-444-87746-0",
        Year = 1985,
}
@Book{bayes3:1988,
   Booktitle = "Bayesian Statistics 3",
       Title = "Bayesian Statistics 3",
      Editor = "Jos{\'e} Miguel Bernardo and Morris H. De{G}root and
                Dennis V. Lindley and Adrian F.M. Smith",
   Publisher = oup,
     Address = "Oxford, UK",
        ISBN = "0-19-852220-7",
        Year = 1988,
}
@Book{bayes4:1992,
   Booktitle = "Bayesian Statistics 4",
       Title = "Bayesian Statistics 4",
      Editor = "Jos{\'e} Miguel Bernardo and James O. Berger and
                A. Phillip Dawid and Adrian F.M. Smith",
   Publisher = oup,
     Address = "Oxford, UK",
        ISBN = "0-19-852266-5",
        Year = 1992,
}
@Book{bayes5:1996,
   Booktitle = "Bayesian Statistics 5",
       Title = "Bayesian Statistics 5",
      Editor = "Jos{\'e} Miguel Bernardo and James O. Berger and
                A. Phillip Dawid and Adrian F.M. Smith",
   Publisher = oup,
     Address = "Oxford, UK",
        ISBN = "0-19-852356-4",
        Year = 1996,
}
@Book{bayes6:1999,
   Booktitle = "Bayesian Statistics 6",
       Title = "Bayesian Statistics 6",
      Editor = "Jos{\'e} Miguel Bernardo and James O. Berger and
                A. Phillip Dawid and Adrian F.M. Smith",
   Publisher = oup,
     Address = "Oxford, UK",
        ISBN = "0-19-850485-3",
        Year = 1999,
}
@Book{bayes7:2003,
   Booktitle = "Bayesian Statistics 7",
       Title = "Bayesian Statistics 7",
      Editor = "Jos{\'e} Miguel Bernardo and Maria Jesus Bayarri and
                James O. Berger and A. Phillip Dawid and David
                Heckerman and Adrian F.M. Smith and Mike West",
   Publisher = oup,
     Address = "Oxford, UK",
        ISBN = "0-19-852615-6",
        Year = 2003,
}
@Book{bayes8:2006,
   Booktitle = "Bayesian Statistics 8",
       Title = "Bayesian Statistics 8",
      Editor = "Jos{\'e} Miguel Bernardo and Maria Jesus Bayarri and
                James O. Berger and A. Phillip Dawid and David
                Heckerman and Adrian F.M. Smith and Mike West",
   Publisher = oup,
     Address = "Oxford, UK",
        Year = 2007,
}
@Book{Bern:Smit:1994,
      Author = "Jos\'{e} M. Bernardo and Adrian F. M. Smith",
       Title = "{B}ayesian Theory",
        Year = 1994,
       Pages = 586,
   Publisher = jw&s,
     Address = "New York, NY",
}
@Book{Box:Tiao:1973,
      Author = "George E. P. Box and George C. Tiao",
        Year = 1973,
       Title = "Bayesian Inference in Statistical Analysis",
   Publisher = jw&s,
     Address = "New York, NY",
}
@Book{Brei:Frie:Olsh:Ston:1984,
      Author = "Leo Breiman and Jerome H. Friedman and Richard A. Olshen and
                  Charles J. Stone",
       Title = "Classification and Regression Trees",
        Year = 1984,
       Pages = 358,
   Publisher = "Wadsworth",
     Address = "Belmont, CA",
}
@Book{Brei:Frie:Olsh:Ston:1993,
      Author = "Leo Breiman and Jerome H. Friedman and Richard A. Olshen and
                  Charles J. Stone",
       Title = "Classification and Regression Trees",
        Year = 1993,
       Pages = 368,
   Publisher = chap,
     Address = "New York, NY",
}
@Book{Chen:Shao:Ibra:2000,
      Author = "Ming-Hui Chen and Qi-Man Shao and Joseph G. Ibrahim",
       Title = "Monte {C}arlo methods in {B}ayesian computation",
        Year = 2000,
       Pages = 386,
   Publisher = sv,
}
@Book{Cove:Thom:1991,
      Author = "Thomas M. Cover and Joy A. Thomas",
       Title = "Elements of Information Theory",
        Year = 1991,
   Publisher = jw&s,
     Address = "New York, NY",
}
@Book{Daub:1992,
      Author = "Ingrid Daubechies",
       Title = "Ten lectures on wavelets",
        Year = 1992,
   Publisher = "SIAM",
     Address = "Philadelphia, PA",
}
@Book{Deni:Holm:Malli:Smit:2002,
      Author = "David G. T. Denison and  Chris C. Holmes and Bani
                  K. Mallick and Adrian F. M. Smith",
        Year = 2002,
       Title = "{B}ayesian Methods for Nonlinear Classification and
                  Regression",
   Publisher = jw&s,
     Address = "New York, NY",
}

@article{Evan:Swar:1995,
    author = "M. Evans and T. Swartz",
    title = "Methods for approximating integrals in statistics with special emphasis on {Bayesian} integration problems",
    journal = statsci,
    volume = "10",
    pages = "254--272",
    year = "1995",
    url = "citeseer.ist.psu.edu/99394.html" }

@book{Fren:Fren:Smit:2001,
 author = {Dan Frenkel and Daan Frenkel and Berend Smit},
 title = {Understanding Molecular Simulation},
 year = {2001},
 isbn = {0122673514},
 publisher = {Academic Press, Inc.},
 address = {Orlando, FL, USA},
 }

@Book{Geis:1993,
      Author = "Seymour Geisser",
       Title = "Predictive {I}nference: {A}n {I}ntroduction",
        Year = 1993,
       Pages = 260,
   Publisher = chap,
     Address = "New York, NY",
}
@Book{Gilk:Rich:Spie:1998,
      Editor = "Walter R. Gilks and Sylvia Richardson and David
                  J. Spiegelhalter",
       Title = "Markov chain {M}onte {C}arlo in practice",
        Year = 1998,
       Pages = 486,
   Publisher = chap,
     Address = "New York, NY",
}

@Book{Greg:2005,
  author = 	 {P Gregory},
  ALTeditor = 	 {},
  title = 	 {Bayesian Logical Data Analysis for the Physical Sciences},
  publisher = 	 {Cambridge},
  year = 	 {2005},
  OPTkey = 	 {},
  OPTvolume = 	 {},
  OPTnumber = 	 {},
  OPTseries = 	 {},
  OPTaddress = 	 {},
  OPTedition = 	 {},
  OPTmonth = 	 {},
  OPTnote = 	 {},
  OPTannote = 	 {}
}

@Book{Jeff:1961,
      Author = "Harold Jeffreys",
       Title = "Theory of Probability",
        Year = 1961,
   Publisher = oup,
}
@Book{Leam:1978b,
      Author = "Edward E. Leamer",
       Title = "Specification searches: {A}d hoc inference with
                  nonexperimental data", 
        Year = 1978,
       Pages = 370,
   Publisher = jw&s,
     Address = "New York, NY",
    Keywords = "{B}ayesian inference; Hypothesis testing: A judicial
                  analogy; Errors-in-variables",
}
@Book{Lemp:1971,
      Author = "Fred B. Lempers",
       Title = "Posterior Probabilities of Alternative Linear Models",
        Year = 1971,
   Publisher = "Rotterdam University Press",
     Address = "Rotterdam, NL",
}
@Book{Litt:Rubi:1987,
      Author = "Roderick J. A. Little and Donald B. Rubin",
       Title = "Statistical analysis with missing data",
        Year = 2002,
       Pages = 381,
   Publisher = jw&s,
     Address = "New York, NY",
}

@Book{Liu:2001,
  author = 	 {J. Liu},
  title = 	 {Monte Carlo Strategies in Scientific Computing},
  publisher = 	 {Springer-Verlag},
  year = 	 {2001},
  OPTkey = 	 {},
  OPTvolume = 	 {},
  OPTnumber = 	 {},
  OPTseries = 	 {},
  OPTaddress = 	 {},
  OPTedition = 	 {},
  OPTmonth = 	 {},
  OPTnote = 	 {},
  OPTannote = 	 {}
}

@Book{McCu:Neld:1989,
      Author = "Peter McCullagh. and J. A. Nelder",
       Title = "Generalized linear models",
        Year = 1989,
       Pages = 500,
   Publisher = chap,
     Address = "New York, NY",
}
@Book{Meyn:Twee:1993,
      Author = "Sean P. Meyn and Richard L. Tweedie",
       Title = "Markov chains and stochastic stability",
        Year = 1993,
       Pages = 548,
   Publisher = sv,
}
@Book{Mill:2001,
      Author = "Alan J. Miller",
       Title = "Subset selection in regression",
        Year = 2001,
       Pages = 229,
   Publisher = chap
}
@Book{Wahb:1990,
      Author = "Grace Wahba",
       Title = "Spline models for observational data",
        Year = 1990,
       Pages = 169,
   Publisher = "SIAM [Society for Industrial and Applied Mathematics]",
     Address = "Philadelphia, PA",
}
@inproceedings{Wahb:1992,
    author = {Wahba, Grace},
    title = {Multivariate function and operator estimation, based on smoothing splines and reproducing kernels},
    year = {1992},
    booktitle = {Nonlinear Modeling and Forecasting},
    pages = {95--112}
}



